2111 3158
279 194 333 232 42
840 191 1012 222 PLAVTI
1048 191 1252 223 RVDENS.

575 459 868 500 SCEPARNIO.
934 460 1147 500 LABRAX.
1211 460 1521 501 CHARMIDES.

283 575 354 615 SC.
399 573 515 626 Quid
542 574 640 613 illuc
663 587 846 626 opsecro
870 575 1072 626 negotist,
1095 576 1213 626 quod
1237 575 1349 615 duae
1373 575 1651 615 mulierculae
1706 576 1742 614 ll
1782 586 1806 624 7

402 643 486 682 Hic
511 644 550 682 in
577 643 678 682 fano
694 643 879 682 Veneris
902 644 1075 695 signum
1096 643 1249 683 flentes
1272 644 1507 697 amplexae
1527 652 1690 692 tenent,
1747 652 1810 693 560

401 711 561 751 Nescio
598 725 728 763 quem
767 719 1014 751 metuentes
1053 712 1267 752 miserae?
1313 720 1440 752 nocte
1474 713 1554 752 hac
1588 726 1691 752 uero

1297 795 1517 833 proxuma

400 848 457 889 Se
481 849 663 888 iactatas
687 855 819 901 atque
842 849 1002 888 eiectas
1025 849 1154 888 hodie
1178 862 1272 888 esse
1294 850 1417 889 aiunt
1441 863 1463 889 e
1487 851 1604 889 mari.

284 917 363 956 LA.
399 917 596 970 Opsecro
649 917 804 966 hercle,
846 918 1115 967 adulescens,
1157 918 1229 958 ubi
1279 919 1388 958 istae
1431 926 1532 958 sunt
1584 932 1692 971 quas

1044 1000 1261 1026 memoras
1285 987 1518 1027 mulieres?

282 1055 353 1095 Sc.
401 1055 551 1094 Hicin
577 1055 678 1095 fano
702 1055 896 1095 Veneris.
981 1055 1059 1094 LA.
1095 1055 1217 1108 Quot
1246 1060 1384 1095 sunt?
1462 1056 1533 1096 SC.
1569 1055 1690 1096 Toti-

859 1124 959 1163 dem
984 1130 1091 1176 quot
1115 1138 1197 1176 ego
1220 1131 1263 1164 et
1286 1131 1331 1164 tu
1355 1138 1518 1165 sumus,

284 1192 362 1232 LA.
400 1192 572 1245 Nempe
596 1197 752 1232 meae?
815 1193 886 1233 SC.
923 1193 1096 1245 Nempe
1119 1194 1267 1233 nescio
1290 1194 1410 1233 istuc.
1477 1193 1555 1233 LA.
1591 1193 1690 1246 Qua

894 1269 995 1302 sunt
1019 1262 1158 1302 facie?
1221 1262 1292 1303 SC.
1329 1248 1507 1303 Scitula.
1747 1270 1809 1311 565

282 1331 362 1370 LA.
399 1331 571 1383 Nempe
603 1330 807 1383 puellae?
890 1330 962 1371 SC.
999 1330 1171 1383 Nempe
1202 1331 1412 1371 molestus
1435 1345 1508 1370 es:
1542 1331 1565 1380 i,
1588 1331 1692 1379 uise,

1327 1401 1360 1439 si
1386 1400 1514 1440 lubet.

284 1469 364 1508 LA.
401 1468 524 1508 Meas
547 1475 721 1521 oportet
746 1469 861 1508 intus
884 1482 978 1508 esse
1001 1469 1069 1508 hic
1094 1469 1308 1518 mulieres,
1333 1469 1388 1508 mi
1421 1469 1689 1510 Charmides.

281 1537 365 1578 CH.
401 1538 597 1590 Iuppiter
619 1544 662 1577 te
685 1539 850 1589 perdat,
874 1544 917 1577 et
940 1538 973 1577 si
998 1545 1099 1577 sunt
1122 1545 1164 1578 et
1188 1538 1221 1577 si
1247 1551 1332 1577 non
1357 1545 1459 1578 sunt
1481 1545 1640 1578 tamen.

282 1606 362 1646 LA.
401 1606 521 1646 Intro
545 1619 745 1659 rumpam
771 1607 856 1646 iam
887 1606 970 1646 huc
1004 1607 1044 1646 in
1070 1607 1255 1646 Veneris
1280 1608 1439 1646 fanum.
1517 1607 1600 1648 CH.
1641 1608 1686 1647 ln

1006 1676 1259 1716 barathrum
1285 1676 1503 1732 matielim.
1747 1692 1812 1725 570

396 1742 605 1796 Opsecro,
629 1744 800 1796 hospes,
822 1745 878 1784 da
912 1745 1017 1784 mihi
1040 1745 1203 1797 aliquid
1234 1745 1305 1784 ubi
1339 1745 1686 1785 condormiscam
1737 1744 1739 1747 ’

1426 1814 1518 1853 loci.

281 1881 352 1921 SC.
402 1881 502 1921 Istic
541 1881 613 1921 ubi
653 1883 717 1921 uis
751 1882 1085 1922 condormisce:
1133 1896 1263 1922 nemo
1302 1883 1516 1935 prohibet,
1549 1882 1689 1935 publi-

1364 1959 1516 1991 cumst.

283 2019 366 2059 CH.
400 2019 461 2058 At
484 2020 607 2058 uides
632 2033 700 2059 me
723 2027 902 2059 ornatus
926 2027 972 2060 ut
995 2021 1075 2059 sim
1101 2021 1376 2060 uestimentis
1401 2021 1555 2060 uuidis.

400 2088 563 2140 Recipe
602 2102 670 2127 me
709 2089 748 2127 in
789 2095 965 2138 tectum,
999 2090 1055 2129 da
1091 2089 1194 2128 mihi
1233 2090 1482 2129 uestimenti
1527 2089 1690 2141 aliquid

1398 2158 1518 2205 aridi,

400 2225 517 2264 Dum
552 2233 754 2266 arescunt
788 2239 914 2266 mea:
949 2227 988 2265 in
1015 2227 1162 2279 aliquo
1186 2227 1263 2267 tibi
1297 2227 1482 2279 gratiam
1509 2226 1689 2266 reseram

1413 2295 1516 2334 loco.

284 2362 354 2403 SC.
399 2362 617 2413 Tegillum
635 2363 844 2403 eccillud:
870 2364 973 2403 mihi
992 2378 1125 2403 unum
1146 2365 1186 2404 id
1205 2371 1324 2404 aret:
1350 2364 1391 2404 id
1411 2365 1443 2403 si
1464 2364 1540 2408 uis.
1560 2363 1685 2403 dabo.
1747 2370 1809 2411 576

402 2431 571 2470 Eodem
597 2432 795 2479 amictus,
817 2433 973 2472 eodem
999 2439 1139 2472 tectus
1162 2446 1256 2472 esse
1279 2433 1410 2481 soleo,
1433 2433 1466 2471 si
1492 2432 1612 2484 pluit.

398 2499 465 2539 Tu
502 2501 633 2540 istaec
668 2501 770 2540 mihi
805 2502 934 2541 dato:
978 2508 1238 2541 exarescent
1272 2501 1387 2541 saxo
1457 2501 1542 2541 Cu.
1581 2501 1690 2543 Eho.

1166 2584 1218 2609 an
1245 2577 1286 2610 te
1313 2571 1518 2622 paenitet,

404 2638 450 2677 In
477 2638 582 2677 mari
607 2639 725 2690 quod
749 2638 874 2687 claui,
898 2639 965 2678 hic
991 2640 1030 2678 in
1057 2646 1168 2679 terra
1192 2640 1232 2678 ni
1259 2639 1413 2679 iteruin
1438 2639 1614 2679 eluam?
