2111 3158
282 274 310 312 4
710 315 719 319 ι
835 268 1009 299 PLAVTI
1045 268 1251 299 RVDENS.

459 368 647 408 Facilius
670 368 781 421 siqui
806 368 902 420 pius
924 375 989 407 est
1013 381 1037 406 a
1059 367 1126 406 dis
1149 366 1401 419 supplicans

459 436 605 490 Quam
629 437 701 489 qui
725 436 953 476 scelestust
977 436 1167 475 inueniet
1191 435 1365 475 ueniam
1390 434 1481 474 sibi.

462 507 629 546 Idcirco
652 518 811 545 moneo
834 518 911 544 uos
933 518 1016 557 ego
1039 504 1132 552 hoc,
1154 504 1226 556 qui
1250 504 1353 543 estis
1376 503 1478 543 boni

460 575 635 628 Quique
657 581 847 614 aetatem
871 573 1000 625 agitis
1022 586 1120 612 cum
1145 573 1308 624 pietate
1331 578 1374 611 et
1396 584 1494 611 cum
1521 569 1605 611 fide
1627 587 1633 610 :

460 643 665 683 Retinete
688 655 827 694 porro,
851 649 948 694 post
973 640 1135 680 factum
1160 648 1206 680 ut
1230 640 1462 680 laetemini.
1768 654 1809 687 30

462 712 602 759 Nune,
625 711 707 750 huc
730 723 817 763 qua
839 723 970 749 causa
993 710 1103 757 ueni,
1127 715 1435 761 argumentum
1461 708 1650 761 eloquar.

579 779 880 819 Primumdum
904 778 1003 817 huic
1026 791 1120 817 esse
1144 791 1304 817 nomen
1329 777 1422 817 urbi
1450 777 1654 830 Diphilus

463 849 658 901 Cyrenas
681 847 830 887 uoluit.
865 845 949 886 illic
972 847 1143 886 habitat
1169 846 1439 901 Daemones³

466 918 511 957 In
537 931 642 969 agro
664 924 796 968 atque
819 915 922 955 uilla
945 929 1165 967 proxuma
1220 891 1519 967 ropteifsiflare,
1555 944 1558 945 γ

464 986 611 1027 Senex
635 985 708 1037 qui
732 985 815 1024 huc
841 984 1030 1024 Athenis
1052 983 1155 1023 exul
1180 984 1312 1030 uenit,
1334 984 1419 1023 hau
1444 983 1594 1023 malus,
1771 998 1809 1031 35

465 1055 619 1107 Neque
642 1055 675 1093 is
699 1054 810 1093 adeo
833 1060 1010 1106 propter
1034 1052 1245 1092 malitiam
1272 1052 1411 1104 patria
1433 1059 1550 1092 caret
1572 1068 1578 1092 :

464 1124 551 1164 Sed
575 1124 680 1163 dum
705 1122 812 1162 alios
835 1129 992 1169 seruat,
1015 1135 1060 1160 se
1084 1121 1298 1173 inpediuit
1322 1121 1507 1170 interim,

466 1192 577 1231 Rem
603 1192 714 1231 bene
737 1197 934 1243 paratam
960 1190 1167 1230 comitate
1191 1190 1391 1242 perdidit.
1429 1213 1438 1225 ·

467 1262 583 1301 Huic
607 1260 738 1300 filiola
762 1273 846 1299 una
871 1259 994 1311 uirgo
1018 1259 1144 1310 periit
1167 1258 1373 1311 paruola:
1426 1298 1464 1320 ἢ
1508 1287 1595 1325 M

467 1331 577 1370 Eam
603 1330 657 1369 de
680 1329 901 1381 praedone
922 1328 989 1387 uir
1012 1315 1480 1380 mercaturpessfirsnus
1499 1343 1506 1366 ;
1772 1342 1814 1372 40

469 1400 510 1439 Is
533 1412 628 1438 eam
653 1398 736 1437 huc
761 1397 955 1449 Cyrenas
980 1396 1078 1436 leno
1101 1396 1283 1436 aduexit
1307 1396 1532 1448 uirginem.

469 1467 741 1507 Adulescens
763 1466 942 1518 quidam
967 1465 1074 1505 ciuis
1097 1465 1224 1505 huius
1250 1465 1426 1505 Atticus

467 1537 579 1576 Eam
603 1536 713 1575 uidit
746 1536 804 1574 ire
827 1548 850 1574 e
874 1534 977 1574 ludo
1001 1533 1192 1574 fidicinio
1215 1534 1408 1573 domum.

470 1605 632 1645 Amare
655 1604 850 1656 occepit:
883 1604 937 1643 ad
963 1603 1164 1642 lenonem
1189 1602 1380 1650 deuenit,

469 1675 602 1714 Minis
626 1673 805 1725 triginta
827 1672 906 1712 sibi
931 1671 1121 1724 puellam
1145 1671 1337 1711 destinat
1736 1695 1741 1707 ,
1774 1684 1814 1718 45

470 1743 647 1795 Datque
670 1741 928 1791 arrabonem
953 1748 997 1792 et
1019 1741 1122 1791 iure-i
1160 1740 1297 1780 rando
1319 1739 1495 1792 adligat.
1527 1752 1542 1756 ‘
1564 1759 1569 1772 :
1596 1742 1663 1798 φή
1689 1722 1737 1792 ’ἐξ
1771 1794 1777 1797 χ
1798 1779 1823 1788 ⁴

472 1813 512 1852 Is
536 1812 645 1860 leno,
668 1818 715 1850 ut
737 1790 1058 1881 Sffiffiss}
1069 1754 1301 1871 &filnon
1329 1798 1429 1848 fecit
1452 1807 1583 1848 fidem
1691 1778 1775 1849 'asts

471 1884 625 1936 Neque
647 1883 765 1936 quod
790 1883 954 1922 iuratus
977 1868 1247 1921 adulescenti
1270 1882 1455 1921 dixerat.

471 1953 522 1992 Ei
547 1953 698 1992 aderat
720 1952 880 2003 hospes
903 1965 980 2003 par
1003 1951 1079 1999 sui,
1104 1950 1276 1991 Siculus
1299 1950 1449 1999 senek,

471 2021 691 2062 Scelestus
717 2020 1046 2072 Agrigentinus,
1069 2019 1185 2059 urbis
1209 2019 1429 2071 proditor:
1777 2033 1818 2066 50

283 2063 574 2147 ojamffnfit
599 2089 742 2129 lenoni
766 2089 961 2137 suadere,
984 2096 1031 2128 ut
1054 2101 1201 2128 secum
1226 2087 1354 2127 simul

473 2159 556 2198 Eat
580 2159 620 2198 in
649 2158 842 2199 Siciliam
863 2173 869 2196 :
904 2158 959 2197 ibi
984 2171 1078 2197 esse
1101 2157 1302 2196 homines
1325 2155 1595 2208 uoluptarios

377 2226 384 2285 f
459 2228 614 2272 Dicit:
649 2227 705 2266 ibi
729 2240 828 2266 eum
853 2207 1032 2278 Ῑίόΐὲξὲἔ
1051 2225 1138 2265 fieri
1162 2226 1356 2265 diuitem.
1777 2238 1815 2272 ss

330 2253 720 2336 lffll-Persuadet.
755 2295 878 2334 nauis
902 2295 1148 2334 clanculum
1173 2293 1440 2334 conducitur.

472 2364 699 2417 Quidquid
723 2371 814 2403 erat
838 2371 968 2403 noctu
994 2365 1033 2403 in
1060 2376 1216 2402 nauem
1241 2368 1474 2415 conportat
1496 2361 1630 2401 domo

474 2434 619 2473 Leno:
653 2432 934 2480 adulescenti,
956 2433 1028 2485 qui
1055 2432 1244 2484 puellam
1269 2431 1324 2471 ab
1346 2445 1398 2471 eo
1419 2436 1597 2477 emerat,

474 2502 551 2542 Ait
574 2516 666 2541 sese
691 2501 850 2541 Veneri
876 2501 986 2540 uelle
1010 2507 1162 2540 uotum
1186 2500 1355 2540 soluere
1777 2505 1820 2536 60

471 2571 543 2623 (Id
564 2571 632 2610 hic
650 2578 714 2610 est
733 2570 918 2609 Veneris
937 2569 1105 2621 sanum)
1121 2576 1252 2622 atque
1270 2569 1380 2608 adeo
1395 2568 1449 2608 acl
1470 2567 1701 2620 prandium

474 2640 662 2679 Vocauit
685 2638 1010 2678 adulescentem
1036 2638 1129 2678 huc.
1163 2638 1255 2690 ipse
1277 2637 1376 2676 hinc
1401 2637 1499 2676 ilico

474 2707 741 2748 Conscendit
765 2707 805 2745 in
832 2719 1001 2753 nauem,
1023 2706 1170 2746 auehit
1195 2705 1480 2745 mulierculas.
