2111 3158
263 161 320 200 94
820 161 993 191 I'LAVTI
1030 162 1233 193 RVDENS.

267 263 386 304 ΒΑΕ.
412 263 560 303 Dicito
601 264 806 303 daturum
851 277 994 304 meam
1039 264 1096 304 illi
1136 264 1268 305 filiam
1312 280 1509 306 uxorem.
1587 267 1669 308 TR.

1363 335 1497 375 Licet.

266 401 384 441 ΒΑΕ.
411 401 470 441 Et
492 408 661 453 patrem
685 401 776 440 eius
801 414 870 440 me
893 401 1067 441 nouisse
1089 409 1132 441 et
1165 402 1270 442 mihi
1303 416 1396 442 esse
1418 410 1668 456 cognatum.

1242 471 1325 511 TR.
1361 471 1496 512 Licet.

265 538 381 578 ΒΑΕ.
407 537 494 579 Sed
529 550 723 590 propera.
801 537 885 577 ΤΚ.
921 537 1053 578 Licet.
1130 538 1248 579 DAE.
1287 540 1378 579 Iam
1413 541 1480 580 hic
1514 540 1580 580 fac
1602 541 1669 590 sit,

796 619 904 645 cena
926 614 973 646 ut
996 614 1176 647 curetur.
1240 607 1324 648 TR.
1360 609 1493 649 Licet.
1703 626 1783 659 ηις

264 677 380 715 ΒΑΕ.
406 675 599 717 Omnian
625 675 755 715 licet?
817 675 899 715 TR.
936 674 1068 716 Licet.
1103 677 1178 716 sed
1202 677 1293 716 scin
1317 678 1420 729 quid
1451 685 1517 718 est
1548 679 1667 730 quod

1293 752 1336 785 te
1358 746 1493 786 uolo?

406 812 536 866 Quod
570 812 808 865 promisisti
841 819 888 852 ut
922 813 1183 862 memineris,
1206 813 1337 854 hodie
1359 821 1406 854 ut
1439 815 1547 855 liber
1572 815 1664 855 sim.

1206 882 1322 922 DAE.
1359 882 1492 923 Licet.

259 952 342 991 TR.
406 951 494 991 Fac
527 957 574 990 ut
605 963 762 990 exores
797 949 1110 1003 Plesidippum,
1132 957 1180 991 ut
1213 964 1282 991 me
1315 965 1447 992 manu
1480 952 1664 992 emittat.

1202 1019 1321 1059 ΒΑΕ.
1357 1020 1490 1060 Licet.

259 1090 341 1129 TR.
407 1089 465 1129 Et
501 1095 577 1129 tua
614 1087 701 1128 filia
744 1087 876 1128 facito
917 1094 1036 1128 oret:
1084 1087 1208 1128 facile
1250 1089 1463 1129 exorabit.
1548 1090 1665 1130 DAE.

1357 1157 1490 1198 Licet.

258 1227 340 1267 TR.
405 1226 556 1279 Atque
588 1232 635 1266 ut
668 1225 726 1265 mi
763 1225 1018 1278 Ampelisca
1051 1225 1200 1275 nubat,
1223 1225 1295 1265 ubi
1329 1239 1412 1277 ego
1441 1227 1523 1266 sim
1548 1226 1663 1267 liber.

1203 1294 1322 1335 DAE.
1356 1295 1490 1335 Licet.
1701 1312 1783 1334 1220

257 1365 339 1404 ΤΚ.
404 1364 554 1417 Atque
600 1370 648 1403 ut
697 1370 871 1415 gratum
916 1363 973 1402 mi
1007 1361 1241 1403 benficium
1286 1363 1410 1403 factis
1453 1364 1665 1416 experiar.

1200 1431 1319 1471 DAE.
1354 1431 1489 1472 Licet.

256 1502 339 1542 TR.
402 1501 596 1543 Omnian
631 1501 764 1541 licet?
842 1500 961 1540 DAE.
1011 1500 1145 1540 Licet.
1191 1500 1269 1540 tibi
1313 1514 1482 1557 rursum
1527 1501 1664 1541 refero

1290 1569 1489 1622 gratiam.

399 1639 486 1680 Sed
511 1653 698 1692 propera
720 1639 779 1678 ire
803 1638 843 1677 in
868 1638 1020 1679 urbem
1053 1644 1250 1678 actutum
1275 1645 1318 1678 et
1351 1639 1494 1691 recipe
1515 1645 1559 1678 te
1580 1638 1664 1678 huc

984 1720 1165 1746 rursum.
1235 1706 1318 1746 TR.
1354 1706 1488 1746 Licet.

400 1777 492 1816 Iam
512 1776 580 1816 hic
598 1789 681 1816 ero.
715 1782 761 1816 tu
786 1775 958 1816 interibi
982 1776 1148 1815 adorna
1166 1781 1358 1814 ceterum
1378 1775 1495 1828 quod
1519 1782 1660 1828 opust.

1199 1844 1316 1884 DAE.
1353 1843 1488 1885 Licet.
1688 1900 1694 1910 l
1741 1856 2004 1921 &JLQQMJ
2076 1895 2077 1899 Ἰ

400 1913 613 1954 Hercules
637 1914 768 1954 istum
794 1913 984 1953 infelicet
1008 1926 1108 1953 cum
1132 1926 1209 1953 sua
1233 1913 1433 1953 licentia:
1511 1868 1642 1989 ψ
1684 1918 1685 1921 ’
1716 1907 1777 1962 225¹
2063 1906 2076 1938 s

401 1983 468 2023 Ita
487 1996 605 2022 meas
625 1982 808 2035 repleuit
826 1983 953 2031 auris,
967 1982 1180 2035 quidquid
1198 1981 1660 2045 memorabam,‘licet.’

714 2157 904 2197 Gmpvs.
1018 2157 1310 2198 DAEMONEs.

250 2270 334 2311 GR.
397 2269 543 2322 Quam
569 2282 674 2308 mox
699 2268 798 2309 licet
821 2276 863 2308 te
885 2268 1144 2321 conpellare,
1169 2267 1452 2308 Daemones?
1652 2266 1716 2307 IV
1749 2276 1773 2317 7

250 2339 369 2379 ΒΑΕ.
394 2338 512 2391 Quid
537 2345 601 2378 est
625 2338 786 2390 negoti,
810 2337 977 2390 Gripe?
1040 2337 1123 2377 GR.
1161 2337 1228 2376 De
1252 2337 1325 2376 illo
1349 2335 1512 2385 uidulo,

393 2408 438 2449 Si
462 2408 618 2460 sapiaS,
640 2408 785 2459 sapias
804 2423 810 2446 :
844 2406 1006 2446 habeas
1028 2407 1146 2458 quod
1170 2405 1214 2445 di
1237 2405 1346 2445 dant
1369 2405 1482 2445 boni.

249 2477 366 2517 ΒΑΕ.
394 2477 598 2529 Aequom
623 2476 796 2516 uidetur
818 2476 909 2524 tibi,
932 2482 978 2515 ut
1002 2488 1085 2527 ego
1108 2474 1299 2514 alienum
1323 2474 1442 2526 quod
1465 2480 1530 2513 est
1693 2489 1773 2521 1230

393 2545 542 2585 Meum
581 2557 674 2584 esse
709 2545 886 2584 dicam?
964 2543 1048 2583 GR.
1093 2542 1284 2596 Quodne
1317 2556 1400 2595 ego
1433 2542 1578 2582 inueni
1613 2541 1654 2581 in

1341 2611 1447 2651 mari
1466 2615 1482 2651 Ρ

1092 2641 1191 2678 ‘'h-,³

1109 2671 1173 2714 τιν
1254 2687 1385 2717 ,3⁸⁶-
1438 2707 1461 2716 Μ
1520 2689 1527 2709 t
