2111 3158
276 209 323 248 18
823 217 997 248 PLAVTI
1032 217 1239 248 RVDENs.

457 315 678 368 Quaerere
720 328 1005 354 conseruam:
1059 328 1178 364 uoce,
1219 315 1369 363 oculis,
1411 315 1586 355 auribus
1629 323 1675 355 ut

649 419 800 461 W
1226 384 1521 456 uestigarm

399 451 613 545 Neque
628 465 727 504 §.⁴2⁰2
751 465 935 504 usquam
956 451 1132 490 inuenio
1150 464 1291 504 neque
1313 465 1401 504 quo
1418 465 1514 519 ἐξὲξ]
1534 464 1676 504 neque

819 533 906 572 qua
929 533 1136 572 quaeram
1160 520 1471 568 consultumstt

313 478 614 694 ‘EfesNeque
655 601 786 640 quem
830 589 1015 641 rogitem
1060 601 1362 640 responsorem
1406 601 1675 641 quemquam

1090 657 1255 696 interea
1277 657 1502 697 conuenio.

457 724 618 782 §eque
647 725 788 778 magis
820 725 939 765 solae
970 732 1109 765 terrae
1132 725 1249 765 solae
1281 732 1383 766 sunt
1414 738 1546 778 quam
1570 725 1676 764 haec

892 794 987 833 loca
1009 801 1142 846 atque
1163 793 1270 833 haec
1294 794 1503 846 regiones.

455 863 613 920 Q&
637 863 671 902 si
695 863 805 903 uiuit
828 876 924 902 eam
949 863 1050 904 uiua
1072 876 1283 915 umquam
1317 863 1420 915 quin
1454 863 1676 902 inueniam

452 951 489 997 ί)
1281 932 1502 972 desistam.
1565 947 1602 995 ‘x

332 1002 374 1041 P
373 999 703 1053 x.Q110ianam
727 1001 835 1067 mihi
860 1015 949 1040 uox
974 1013 1109 1052 prope
1132 1000 1200 1039 hic
1224 1004 1384 1039 sonat?

378 1217 396 1244 x
418 1241 425 1247 .
460 1207 618 1247 Mulier
641 1214 718 1256 est,
743 1207 965 1247 muliebris
989 1220 1079 1246 uox
1104 1207 1161 1246 mi
1187 1207 1240 1246 ad
1266 1207 1380 1246 auris
1403 1206 1532 1246 uenit.

462 1277 705 1315 Eximesne
729 1289 798 1315 me
821 1289 877 1315 ex
902 1276 984 1315 hoc
1008 1276 1209 1314 misexam
1236 1282 1378 1315 metu
1371 1279 1386 1306 3
1409 1257 1450 1347 ὃ
1496 1265 1499 1268 .

366 1356 396 1385 Α
457 1344 588 1385 Certo
611 1359 700 1384 uox
726 1345 949 1385 muliebris
972 1345 1086 1384 auris
1109 1345 1254 1397 tetigit
1277 1357 1422 1383 meas:

299 1378 520 1464 θῶ
506 1427 578 1454 um
604 1413 861 1466 Ampelisca
883 1413 1140 1453 obsecrost?
1194 1413 1287 1453 AM.
1313 1412 1420 1461 Ten,
1446 1412 1679 1461 Palaestra,

560 1483 714 1522 audio.
707 1486 723 1512 3

331 1551 407 1591 ΡΑ.
456 1551 573 1604 Quin
598 1565 720 1601 uoco,
743 1558 790 1591 ut
814 1565 882 1591 me
905 1551 1066 1600 audiat,
1090 1551 1268 1591 nomine
1290 1550 1409 1590 illam
1431 1555 1545 1590 suo?

461 1621 716 1673 Ampelisca
736 1621 743 1660 !
828 1621 922 1660 AM.
968 1621 1100 1669 Hem,
1131 1620 1227 1672 quis
1265 1623 1364 1660 est?
1446 1620 1522 1659 ΡΑ.
1570 1619 1680 1672 Ego,

1046 1689 1292 1729 Palaestra:
1325 1689 1506 1741 emrtibi.

331 1758 430 1798 Am.
467 1759 549 1798 Dic
573 1759 714 1799 ubi's?
785 1759 861 1799 PA.
898 1758 973 1798 Pol
997 1772 1080 1811 ego
1103 1771 1218 1798 nunc
1242 1758 1283 1797 in
1309 1757 1434 1797 malis
1457 1757 1680 1810 plurumis.

335 1827 429 1867 AM.
464 1827 593 1868 Socia
615 1841 711 1867 sum
737 1841 815 1867 nec
840 1828 982 1867 minor
1004 1841 1103 1880 pars
1127 1833 1266 1866 meast
1288 1840 1421 1879 quam
1445 1833 1530 1866 tua.

463 1896 549 1937 Sed
574 1897 722 1936 uidere
745 1904 910 1949 expeto
932 1904 984 1936 te.
1050 1897 1125 1936 PA.
1162 1896 1306 1935 Mihi's
1329 1896 1511 1936 aemula.

333 1967 428 2006 AM.
463 1965 797 2018 Consequamur
815 1967 952 2018 gradu
969 1979 1143 2020 uocem:
1166 1965 1306 2005 ubi's?
1356 1965 1431 2005 ΡΑ.
1457 1965 1572 2005 Ecce
1591 1978 1678 2006 me:

464 2034 641 2074 Accede
663 2036 717 2075 ad
743 2049 812 2074 me
835 2042 968 2088 atque
991 2035 1061 2075 adi
1085 2041 1248 2074 contra.
1304 2034 1398 2074 AM.
1425 2034 1495 2074 Fit
1517 2034 1679 2074 sedulo.

336 2104 411 2144 ΡΑ.
461 2103 583 2144 Cedo
606 2117 796 2143 manum.
862 2103 955 2143 AM.
992 2103 1167 2156 Accipe.

335 2173 411 2213 ΡΑ.
461 2173 543 2212 Dic
562 2189 568 2212 :
602 2173 784 2222 uiuis-ne,
806 2173 1019 2213 obsecro?

334 2242 428 2281 AM.
464 2241 531 2281 Tu
558 2242 661 2281 facis
686 2255 754 2281 me
777 2242 955 2294 quidem
981 2242 1128 2281 uiuere
1150 2248 1197 2281 ut
1223 2254 1338 2281 nunc
1361 2240 1504 2290 uelim,

465 2308 611 2362 Quom
638 2311 741 2349 mihi
766 2318 808 2350 te
833 2311 931 2350 licet
954 2317 1160 2363 tangere:
1193 2317 1240 2350 ut
1265 2310 1341 2349 uix
1367 2310 1470 2349 mihi

464 2378 606 2419 Credo
629 2393 711 2431 ego
734 2379 827 2427 hoc,
850 2386 893 2418 te
916 2386 1073 2419 tenere.
1106 2379 1299 2427 obsecro,
1322 2378 1598 2431 amplectere,

467 2448 578 2500 Spes
602 2461 723 2488 mea:
757 2455 803 2487 ut
828 2461 896 2487 me
919 2448 1115 2487 omnium
1141 2448 1226 2487 iam
1252 2447 1449 2487 laborum
1474 2447 1604 2488 leuas.

335 2517 414 2558 PA.
464 2516 668 2570 Occupas
693 2517 915 2570 praeloqui
941 2530 1053 2569 quae
1077 2530 1173 2556 mea
1196 2517 1388 2556 oratiost.

468 2586 596 2626 Nunc
630 2586 747 2625 abire
782 2586 881 2625 hinc
919 2586 1044 2627 decet
1078 2599 1167 2625 nos
1251 2585 1343 2625 AM.
1388 2584 1490 2637 Quo
1521 2585 1682 2626 amabo

1320 2654 1510 2694 ibimus?

308 1071 430 1112 πὲ-ὶὲ.
458 1071 694 1110 Pertimui:
726 1071 822 1123 quis
847 1070 914 1109 hic
938 1069 1131 1121 loquitur
1153 1075 1244 1109 tam
1304 1073 1439 1121 rope?

450 1138 679 1201 §pes
591 1139 719 1188 bona,
741 1139 934 1187 obsecro,
957 1125 1176 1187 subueflta
1200 1110 1316 1177 milii.

262 1140 454 1390 g

1732 1086 1794 1117 230

1735 1498 1794 1530 255

1734 1913 1797 1943 240

1737 2325 1797 2358 ²45
