2111 3158
876 143 1049 174 PLAVTI
1086 144 1288 176 RVDENS.

499 245 649 284 Meum
673 257 793 284 erum
818 245 1019 284 lenonem
1055 244 1415 298 Siciliensemque
1437 246 1668 300 hospitem,

498 312 622 365 Quos
645 314 822 365 periisse
845 313 999 352 ambos
1023 314 1179 353 misera
1201 315 1434 354 censebam
1458 315 1499 354 in
1526 317 1642 356 mari.

501 382 592 421 Iam
618 382 722 421 illud
748 382 848 421 mali
873 381 970 434 plus
994 381 1119 421 nobis
1142 382 1250 422 uiuit
1273 396 1404 435 quam
1429 390 1558 423 ratae.

498 451 585 492 Sed
609 451 712 504 quid
737 464 820 502 ego
837 464 960 490 cesso
985 450 1132 502 sugere
1156 451 1195 489 in
1223 451 1370 491 fanum
1391 465 1440 491 ac
1459 453 1602 493 dicere
1619 453 1725 494 haec

500 520 758 568 Palaestrae,
781 520 822 558 in
851 532 970 558 aram
999 527 1045 558 ut
1068 519 1372 571 confugiamus
1395 521 1513 573 prius
1535 535 1666 574 quam
1692 523 1725 562 is

1477 590 1560 630 huc
1779 604 1843 638 455

499 657 718 697 Scelestus
743 656 841 695 leno
864 657 1011 696 ueniat
1035 670 1202 709 nosque
1224 657 1293 696 hic
1316 659 1572 710 opprimat?

931 883 1224 924 Scffl‘ARNJo.

439 999 522 1038 Pro
544 998 586 1038 di
612 997 876 1045 inmortales,
900 997 939 1035 in
965 1009 1079 1048 aqua
1111 1009 1352 1048 numquam
1377 997 1552 1045 credidi,
1739 999 1778 1037 11
1818 1009 1839 1049 5

436 1067 724 1119 Voluptatem
751 1067 890 1105 inesse
913 1072 1081 1105 tantam
1105 1081 1112 1104 ε
1146 1071 1192 1104 ut
1215 1065 1326 1104 hanc
1350 1065 1464 1104 traxi
1490 1065 1666 1105 lubens!

438 1137 587 1176 Nimio
611 1136 753 1175 minus
777 1135 889 1174 altus
914 1141 1070 1186 puteus
1093 1133 1231 1173 uisust
1253 1147 1385 1186 quam
1411 1134 1538 1186 prius.
1779 1143 1843 1182 460

436 1205 497 1245 Vt
520 1205 612 1244 sine
636 1204 782 1244 labore
805 1203 916 1242 hanc
940 1203 1115 1242 extraxi
1135 1203 1141 1242 Σ
1176 1201 1442 1254 praefiscine,

408 1290 418 1301 ·
436 1274 560 1315 Satin
586 1286 773 1325 nequam
798 1285 906 1320 sum,
930 1279 977 1311 ut
1010 1278 1112 1323 pote
1135 1271 1265 1310 hodie
1287 1284 1434 1310 amare
1457 1271 1724 1323 inceperim?

436 1343 504 1383 En
529 1343 606 1382 tibi
631 1355 803 1394 aquam,
827 1354 925 1380 mea
947 1348 992 1380 tu
1025 1339 1202 1380 belliata
1223 1355 1230 1379 ;
1262 1353 1344 1387 em,
1367 1340 1426 1379 sic
1451 1340 1552 1379 uolo

435 1412 498 1452 Te
523 1411 631 1451 ferre
654 1411 848 1458 honeste,
871 1416 918 1449 ut
941 1423 1024 1461 ego
1048 1409 1148 1457 fero,
1172 1415 1218 1448 ut
1242 1408 1415 1460 placeas
1440 1409 1556 1448 mihi.

435 1481 520 1522 Sed
547 1480 618 1520 ubi
642 1480 723 1519 tu’s
745 1479 966 1519 delicata?
999 1491 1106 1530 cape
1129 1491 1289 1530 aquam
1313 1478 1425 1516 hanc
1448 1477 1515 1517 sis.
1551 1478 1658 1517 ubi's
1679 1482 1694 1518 ?

400 1571 412 1583 ·
434 1550 572 1589 Amat
604 1549 746 1589 hercle
771 1562 851 1596 me,
874 1554 922 1587 ut
944 1561 1027 1599 ego
1049 1547 1229 1599 opinor:
1262 1546 1436 1586 delituit
1460 1546 1585 1586 mala.
1776 1555 1842 1594 466

433 1619 519 1659 Vbi
545 1618 656 1658 tu‘s?
689 1618 880 1657 etiamne
903 1616 1015 1655 113116
1038 1629 1191 1655 urnam
1216 1615 1514 1667 acceptura‘s?
1546 1615 1689 1655 ubi’s?

434 1687 727 1729 Commodule
750 1686 872 1726 ludis.
906 1686 1085 1725 tandem
1110 1698 1214 1724 uero
1236 1685 1358 1724 serio.

435 1758 582 1797 Etiam
608 1755 874 1808 acceptura's
898 1767 1051 1794 urnam
1076 1753 1186 1792 hanc
1206 1757 1222 1792 ?
1256 1753 1326 1792 ubi
1350 1753 1432 1792 tu’s
1454 1754 1686 1805 gentium?
1736 1754 1739 1757 ’

435 1826 664 1879 Nusquam
704 1824 846 1864 hercle
884 1823 1086 1875 equidem
1125 1822 1242 1862 illam
1283 1822 1412 1861 uideo
1435 1837 1442 1861 :
1486 1822 1611 1862 ludos
1654 1835 1724 1862 me

1438 1890 1550 1930 facit.
1775 1907 1842 1939 470

434 1965 672 2018 Adponam
697 1963 840 2003 hercle
863 1976 1016 2002 urnam
1042 1962 1126 2001 iam
1151 1974 1234 2014 ego
1257 1961 1369 2000 hanc
1394 1961 1434 1999 in
1461 1961 1606 2000 media
1628 1960 1709 2001 uia.

433 2034 520 2075 Sed
544 2041 691 2073 autem
716 2033 821 2085 quid
845 2033 877 2071 si
902 2032 1014 2071 hanc
1037 2031 1137 2070 hinc
1161 2029 1391 2070 abstulerit
1413 2029 1633 2082 quispiam

433 2104 611 2144 Sacram
637 2116 789 2142 urnam
814 2101 1030 2141 Veneris?
1064 2101 1119 2139 mi
1145 2099 1354 2139 exhibeat
1379 2098 1616 2150 negotium.

434 2173 588 2213 Metuo
611 2172 752 2211 hercle
776 2184 830 2210 116
853 2171 926 2210 illa
949 2170 1104 2209 mulier
1127 2169 1184 2208 mi
1210 2169 1388 2208 insidias
1412 2167 1537 2215 locet,

431 2242 494 2281 Vt
517 2241 849 2293 conprehendar
871 2253 970 2279 cum
994 2252 1116 2278 sacra
1140 2251 1247 2278 urna
1271 2236 1471 2276 Veneria.
1774 2251 1837 2284 475

433 2311 604 2363 Nempe
627 2317 812 2363 optumo
836 2323 904 2348 me
928 2309 1017 2348 iure
1041 2309 1081 2347 in
1115 2306 1269 2347 uinclis
1293 2306 1434 2345 enicet

434 2381 733 2432 h'lagizstratu5‚
755 2379 787 2417 si
812 2379 909 2430 quis
933 2391 1002 2417 me
1025 2377 1136 2416 113116
1160 2376 1319 2416 habere
1342 2375 1510 2414 uiderit.

434 2449 548 2488 Nam
573 2449 679 2488 11366
705 2448 962 2487 litteratast:
996 2459 1126 2498 eapse
1149 2452 1298 2484 cantat
1321 2443 1452 2496 quoia
1475 2443 1540 2482 sit.

435 2519 527 2558 Iam
553 2517 695 2557 hercle
718 2516 914 2556 euocabo
937 2516 1036 2555 hinc
1061 2515 1172 2554 hanc
1197 2514 1469 2553 sacerdotem
1496 2511 1620 2558 foras,

432 2587 494 2627 Vt
516 2587 627 2626 113116
650 2586 833 2637 accipiat
857 2598 1022 2624 urnam.
1053 2583 1258 2623 accedam
1283 2582 1366 2621 huc
1389 2581 1442 2620 ad
1468 2579 1590 2620 fores.
1767 2586 1835 2627 480

435 2656 570 2703 Heus,
593 2656 678 2703 cxi,
706 2653 1054 2701 Ptolemocratia,
1077 2665 1184 2704 cape
1207 2651 1319 2691 hanc
1343 2663 1496 2690 urnam
1521 2649 1598 2689 tibi
1618 2664 1625 2688 :
