2111 3158
303 451 363 490 1³1.

304 795 362 833 1‘1.

302 1278 361 1316 ΡΙ.

300 1484 337 1523 T
344 1494 381 1523 R.

853 206 1027 237 PLAYTI
1063 206 1268 237 RVDENS.

415 312 592 352 Saluete
616 311 729 350 sures
753 310 986 354 maritumi,
1009 309 1237 348 conchitae
1260 315 1392 361 atque
1415 309 1649 357 hamiotae,
1757 326 1823 357 310-

415 380 635 419 Famelica
658 379 884 418 homiuum
910 379 1038 417 natio.
1073 378 1176 429 quid
1201 378 1361 429 agitis?
1395 385 1440 416 ut
1466 378 1645 429 peritis?

418 449 478 489 Vt
517 449 776 500 piscatorem
816 454 1059 498 aequomst,
1097 445 1212 485 same
1254 446 1423 498 sitique.
1491 445 1573 485 TR.
1620 446 1703 485 Ec-

1048 528 1176 566 quem
1202 515 1527 554 adulescentem

417 588 543 627 Nunc
576 587 680 625 dum
715 585 783 624 hic
816 584 1000 623 adstatis
1038 591 1215 623 strenua
1253 583 1371 631 facie,
1401 583 1703 631 rubicundum,

1362 651 1529 699 fortem,

416 724 611 771 Vidistis,
626 723 698 774 qui
719 722 793 761 tris
811 722 989 760 <luceret
1004 720 1311 771 chlamydatos
1329 734 1426 759 cum
1446 720 1711 759 machaeris?
1758 734 1823 767 3¹5

419 793 599 832 Nullum
639 792 745 830 istac
784 790 903 837 facie,
942 796 988 828 ut
1026 789 1262 841 praedicas,
1296 789 1466 828 uenisse
1504 789 1586 827 huc
1624 789 1703 827 sci-

1046 871 1151 897 mus.
1215 857 1297 896 ΤΚ.
1333 857 1529 909 Ecquem

418 931 657 971 Recaluom
691 943 739 969 ac
769 929 952 968 silonem
987 941 1148 972 senem,
1171 935 1398 973 statutum,
1423 929 1704 975 uentriosuim

415 1000 562 1039 Tortis
585 998 837 1050 superciliis,
859 1004 1084 1036 contracta
1109 996 1262 1044 fronte,
1281 995 1618 1045 fraudulentum,

418 1070 611 1108 Deorum
649 1067 799 1107 odium
834 1073 965 1118 atque
998 1065 1240 1112 homiuum,
1275 1065 1451 1112 malum,
1487 1065 1587 1104 mali
1627 1065 1702 1104 uiti

1086 1133 1318 1186 probrique
1342 1128 1531 1186 plenum,

415 1206 501 1259 Qui
526 1207 703 1245 duceret
728 1203 1003 1244 mulierculas
1026 1204 1135 1242 duas
1167 1216 1313 1242 secum
1339 1203 1443 1242 satis
1467 1207 1704 1258 uenustas?

416 1275 527 1316 Cum
553 1275 676 1314 istius
701 1274 818 1313 modi
844 1273 1080 1312 uirtutibus
1103 1273 1334 1324 operisque
1358 1279 1485 1311 natus
1508 1272 1579 1323 qui
1605 1272 1671 1318 sit,
1759 1287 1818 1318 32}

415 1345 529 1384 Eum
550 1344 727 1396 quidem
747 1343 801 1382 ad
821 1341 1127 1382 carnuficemst
1143 1342 1324 1393 aequius
1343 1354 1474 1393 quam
1492 1341 1545 1379 ad
1562 1339 1706 1379 Vene-

1178 1424 1266 1449 rem
1292 1422 1531 1449 commeare.

419 1483 480 1522 At
503 1483 535 1521 si
560 1481 743 1525 uidistis,
768 1481 909 1520 dicite.
966 1480 1026 1519 ΡΙ.
1066 1479 1165 1518 Huc
1189 1478 1386 1531 profecto
1410 1478 1553 1517 nullus
1576 1477 1705 1516 uenit.

415 1552 535 1591 Vale.
615 1550 697 1590 ΤΚ.
733 1549 901 1589 Valete.
940 1548 1130 1588 credidi:
1177 1547 1385 1587 factumst
1417 1547 1535 1598 quod
1569 1547 1706 1598 suspi-

1380 1616 1534 1655 cabar:

420 1690 536 1729 Data
560 1687 693 1728 uerba
716 1701 789 1727 ero
812 1694 913 1726 suut
935 1702 942 1726 ;
976 1686 1075 1725 leno
1098 1685 1188 1724 abit
1212 1685 1420 1724 scelestus
1444 1683 1686 1723 exulatum.
1763 1699 1825 1732 3²5

422 1759 468 1798 In
494 1771 651 1797 nauem
676 1756 885 1804 ascendit,
910 1755 1110 1795 mulieres
1133 1755 1311 1794 auexit:
1345 1753 1537 1792 hariolus
1560 1766 1667 1792 sum.

421 1828 462 1868 Is
499 1828 581 1866 huc
619 1839 739 1866 erum
780 1827 911 1865 etiam
951 1825 1005 1864 ad
1045 1824 1277 1877 prandium
1322 1823 1509 1869 uocauit,
1537 1821 1709 1861 sceleris

1375 1904 1535 1930 semen.

422 1965 549 2005 Nunc
587 1965 691 2016 quid
732 1963 836 2003 mihi
874 1962 1060 2011 meliust,
1097 1975 1228 2014 quam
1266 1961 1364 2000 ilico
1406 1960 1474 1999 hic
1508 1959 1709 2012 opperiar

1084 2044 1204 2070 erum
1229 2030 1333 2069 dum
1359 2029 1537 2068 ueniat?

421 2104 591 2144 Eadem
625 2102 731 2141 haec
764 2102 967 2141 sacerdos
992 2100 1181 2140 Veneria
1213 2099 1246 2138 si
1270 2099 1497 2151 quidpiam
1521 2097 1710 2149 amplius

1446 2167 1538 2215 scit,

424 2242 467 2283 Si
493 2242 655 2289 uidem,
678 2240 984 2292 exquisiuero:
1019 2237 1145 2277 faciet
1170 2250 1239 2276 me
1262 2236 1501 2275 certiorem.
1765 2249 1831 2282 330

707 2405 744 2444 Α
755 2413 1004 2444 nrt-:rislum
1125 2401 1432 2441 TRACHALIO.

312 2519 404 2558 AM.
429 2518 667 2569 Intellego:
696 2516 807 2555 hauc
830 2529 942 2567 quae
966 2521 1226 2567 proxumast
1248 2527 1315 2552 me
1338 2513 1486 2552 uillam
1505 2512 1690 2551 Veneris
1729 2511 1765 2551 ll
1806 2522 1828 2562 3

1440 2581 1540 2620 fauo

428 2655 603 2695 l'ulsare
627 2654 784 2694 iussisti
809 2660 941 2705 atque
964 2665 1122 2704 aquam
1148 2665 1309 2702 rogare.
1373 2650 1457 2689 ΤΚ.
1491 2649 1635 2702 Quoia
1659 2649 1711 2688 ad

1428 2732 1542 2758 auris
