2111 3158
277 171 328 210 54
830 170 1001 201 I’LAVTI
1038 171 1240 203 RVDENS.

392 270 533 318 Sinas,
566 285 678 323 quae
711 271 882 311 elautae
918 271 1074 311 ambae
1108 285 1258 312 sumus
1300 286 1433 325 opera
1478 273 1672 326 Neptuni

1347 349 1477 381 noctu
1498 358 1505 382 :

384 409 450 448 Ne
473 409 635 448 inuisas
658 408 820 448 habeas
843 422 952 448 neue
974 409 1015 448 id
1049 409 1135 449 'rco
1158 411 1283 450 nobis
1316 411 1606 467 QtiQAE-Ottaffi
1722 428 1783 458 700

393 476 438 518 Si
471 477 740 530 quidpiamst
774 423 1212 534 ωἰηυᾶςυὲὣὴῃῑε
1232 493 1326 519 esse
1348 463 1517 519 Gutum
1541 487 1587 519 tu
1611 493 1676 519 ar-

1346 548 1515 588 bitrare.

277 615 359 654 Τκ.
394 614 556 663 Venus,
575 628 759 666 aequom
784 615 861 654 has
884 622 1031 667 petere
1054 615 1260 668 intellego
1281 632 1287 656 :
1321 617 1446 656 decet
1469 617 1547 656 abs
1569 624 1612 656 te
1634 617 1675 656 id

1256 685 1477 737 impetrari
1499 701 1507 725 :

397 752 627 804 Ignoscere
658 752 724 791 his
757 759 799 792 te
831 752 1062 792 conuenit:
1097 760 1238 792 metus
1269 753 1347 793 has
1372 754 1412 793 id
1437 761 1484 794 ut
1517 753 1677 794 faciant

1332 822 1506 874 subigit.

394 888 480 929 Sed
504 896 686 941 optume
708 902 857 928 eccum
891 889 984 929 exit
1017 903 1166 935 senex,
1189 896 1398 942 patronus
1423 891 1615 944 mihique
1637 899 1679 931 et

1367 935 1624 1090 uobss
1736 978 1794 1010 705

424 1137 716 1178 DAEMONES.
782 1138 995 1177 LABRAX.
1060 1137 1283 1178 LORARII.
1345 1138 1650 1180 TRACHALIO.

684 1219 973 1258 PALAESTRA
1008 1227 1068 1257 ET
1102 1218 1397 1259 AMPELISCA.

489 1299 508 1316 -

282 1329 400 1370 DAE.
424 1329 511 1369 Exi
535 1329 686 1378 efano,
704 1337 855 1369 natum
879 1337 1138 1382 quantumst
1160 1330 1388 1370 hominum
1412 1330 1650 1382 sacrilegis·
1678 1330 1742 1369 Ill
1770 1344 1797 1380 4

1374 1412 1507 1438 sume.

424 1467 517 1506 Vos
536 1468 576 1506 in
597 1481 715 1507 aram
735 1468 853 1507 abite
870 1481 1048 1506 sessum.
1073 1468 1147 1507 sed
1172 1467 1245 1507 ubi
1263 1472 1394 1507 sunt?
1461 1468 1544 1508 ΤΚ.
1582 1468 1681 1507 Huc

1333 1537 1508 1589 respice.

283 1606 398 1645 ΒΑΕ.
424 1605 621 1658 Optume
642 1621 648 1644 :
692 1606 801 1645 istuc
839 1606 1127 1646 nolueramus.
1181 1607 1281 1646 iube
1324 1607 1458 1646 modo
1499 1607 1680 1647 accedat

1364 1689 1508 1728 prope.

424 1743 522 1783 Tun
540 1744 855 1796 legirupionem
874 1744 943 1783 hic
959 1744 1084 1784 nobis
1102 1758 1201 1784 cum
1220 1744 1442 1785 disfacere
1460 1745 1681 1797 postulas?
1735 1753 1737 1755 '

426 1813 627 1865 Pugnum
663 1813 704 1852 in
743 1826 791 1852 os
826 1813 1014 1865 inpinge.
1080 1813 1160 1853 LA.
1208 1814 1364 1866 Iniqua
1398 1814 1504 1854 haec
1539 1815 1682 1866 patior

1134 1896 1233 1922 cum
1258 1884 1398 1935 pretio
1420 1890 1506 1923 tuo.
1738 1900 1799 1930 710

282 1950 398 1990 ΒΑΕ.
425 1950 486 1990 At
509 1951 641 1990 etiam
676 1951 901 1991 minitatur
923 1951 1083 1991 audax.
1168 1951 1247 1991 LA.
1286 1952 1357 1991 Ius
1391 1965 1536 1992 meum
1561 1966 1680 2005 erep-

1214 2027 1352 2061 tumst
1375 2022 1479 2061 mihi
1502 2036 1510 2072 ;

426 2088 549 2128 Meas
583 2089 687 2128 mihi
720 2089 900 2128 ancillas
933 2090 1071 2129 inuito
1105 2103 1173 2129 me
1205 2091 1345 2143 eripis.
1428 2090 1511 2131 TR.
1560 2091 1681 2132 Cedo

1299 2158 1508 2198 arbitrum

424 2226 492 2266 De
515 2233 667 2266 senatu
693 2225 932 2278 Cyrenensi
957 2227 1157 2278 quemuis
1180 2227 1439 2279 opulentum
1463 2228 1602 2267 virum

423 2294 468 2336 Si
493 2302 589 2335 tuas
612 2309 706 2334 esse
728 2302 902 2347 oportet
925 2296 1025 2335 niue
1047 2303 1220 2348 oportet
1243 2309 1338 2336 esse
1361 2296 1528 2345 liberas,

425 2363 520 2403 Neu
537 2370 579 2403 te
595 2364 635 2403 in
655 2377 870 2404 carcerem
887 2365 1093 2417 conpingi
1112 2372 1177 2404 est
1195 2378 1380 2417 aequom
1400 2372 1678 2418 aetatemque

1306 2434 1363 2473 ibi
1387 2441 1507 2474 tuam
1738 2450 1798 2484 7¹5

423 2501 487 2541 Te
503 2515 638 2554 usque
653 2501 1009 2550 habitare‚donec
1026 2509 1167 2542 totum
1183 2516 1398 2542 carcerem
1416 2503 1680 2543 contriueris.

280 2570 358 2610 LA.
422 2569 521 2609 Non
557 2570 686 2610 hodie
719 2571 787 2610 isti
823 2571 879 2610 rei
913 2571 1148 2623 auspicaui,
1175 2578 1219 2611 ut
1252 2585 1350 2610 cum
1388 2571 1587 2612 furcifero
1619 2571 1679 2612 fa-

1378 2640 1509 2680 buler.

2103 2215 2111 2304 ,an—i
2100 1825 2111 2180 *hm-Q—4
2108 1772 2111 1788 ,Α
