2111 3158
301 217 323 245 h)

331 215 353 244 N

366 662 438 701 PT.

855 213 1027 244 PLAVTI
1063 212 1269 244 RVDENS.

489 317 615 371 Quae
638 318 678 357 in
704 318 808 357 locis
832 317 988 356 nesciis
1011 317 1157 357 nescia
1179 331 1256 370 spe
1277 331 1441 367 sumus,
1759 332 1818 365 ²73

487 385 550 427 Vt
573 393 649 426 tuo
672 387 853 438 recipias
875 392 994 426 tecto
1016 399 1250 439 seruesque
1272 400 1351 426 nos

491 455 856 507 Miseriarumque
878 462 921 494 te
943 454 1172 495 ambarum
1197 456 1258 495 uti
1283 456 1512 495 misereat:

490 523 662 576 Quibus
686 537 764 562 nec
788 523 928 562 locust
951 523 1064 562 ullus
1088 537 1166 563 nec
1188 537 1287 576 spes
1310 531 1518 576 paratast‚

492 592 647 644 Neque
670 592 751 631 hoc
769 591 958 644 amplius
980 592 1097 643 quod
1122 593 1245 632 uides
1268 592 1394 632 nobis
1415 593 1704 645 quicquamst.

492 661 652 700 Manus
675 660 780 700 mihi
803 661 906 700 date
928 661 1153 712 exsurgite
1175 675 1200 700 a
1222 661 1408 713 genibus
1431 661 1614 701 ambae:
1761 667 1821 698 280

493 729 816 769 Misericordior
838 728 957 768 nulla
981 736 1093 768 mest
1116 728 1389 779 feminarum,

492 797 579 838 Sed
604 797 710 837 haec
734 810 948 850 pauperes
971 811 1036 836 res
1059 804 1161 837 sunt
1185 798 1437 850 inopesque,
1460 798 1656 851 puellae:

493 866 685 918 Egomet
719 866 796 906 uix
831 866 900 905 hic
942 867 1079 905 uitam
1115 866 1236 906 colo:
1278 867 1440 906 Veneri
1473 867 1571 907 cibo
1609 879 1707 906 meo

1381 937 1534 976 seruio.
1555 935 1558 937 ’

367 1005 459 1045 ΑΜ.
492 1004 678 1044 Veneris
701 1003 864 1051 fanum,
885 1003 1078 1052 obsecro,
1101 1003 1183 1044 hoc
1206 1009 1302 1044 est?
1762 1011 1823 1050 284

368 1074 441 1113 ΡΤ.

654 1072 837 1112 Fateor:
870 1085 953 1124 ego
975 1072 1102 1112 huius
1126 1072 1213 1112 fani

653 1141 839 1180 Famula
860 1147 903 1180 et
925 1141 1128 1185 sacerdos
1150 1141 1284 1198 clueo.
1746 1149 1805 1190 285

493 1211 660 1251 Verum
683 1209 890 1262 quicquid
914 1216 980 1249 est
1002 1211 1185 1250 comiter
1208 1209 1280 1251 fiet
1302 1225 1327 1251 a
1350 1225 1431 1261 me,
1489 1254 1495 1257 ,

655 1278 852 1331 Necopia
874 1292 962 1331 quo
985 1278 1159 1319 ualebit.
1242 1267 1243 1270 Ἴ
1566 1322 1629 1344 s>
1646 1309 1661 1318 ,.

498 1349 563 1388 Ite
581 1348 661 1388 hac
681 1360 862 1387 mecum.
919 1347 994 1387 PA.
1021 1347 1177 1388 Amice
1192 1349 1469 1402 benigneque
1485 1344 1709 1398 honorem,

499 1417 653 1466 Mater,
676 1423 873 1457 nostrum
897 1416 1043 1456 habes.
1111 1418 1186 1457 PT.
1221 1417 1420 1471 Oportet.
1438 1415 1484 1466 Ἴ,
