2111 3158
518 305 646 344 Nunc
670 311 715 344 ut
742 303 985 342 Academia
1010 302 1115 341 liaec
1139 313 1367 353 precamur
1392 298 1542 337 floreat

460 385 628 425 Studiis
653 391 694 424 et
721 383 844 427 ludis,
863 383 1071 422 comitate
1095 389 1136 421 et
1161 380 1364 420 moribus.

460 464 580 517 Quid
605 464 760 516 plura?
794 463 910 502 scitis
936 463 1014 514 ipsi
1039 468 1204 513 quanta
1228 459 1365 512 gloria

462 544 626 596 Adepti
653 557 790 595 nuper
813 543 948 582 simus
973 543 1014 581 id
1038 542 1155 594 quod
1180 540 1385 580 omnibus

458 624 545 676 Qui
572 624 673 663 folle
698 624 853 663 ludunt
878 623 1121 675 praemium
1147 621 1414 673 proponitur.

520 705 611 744 Nec
636 704 884 756 praeteribo
906 703 1060 742 ceteris
1084 703 1165 741 hoc
1189 701 1389 741 additum

460 786 594 825 Vitae
618 784 888 824 ornamentis
912 784 1029 835 quod
1055 796 1168 822 nunc
1193 782 1260 821 hie
1283 780 1562 820 studentibus

468 865 683 905 Aedicula
707 871 881 917 praesto
905 871 968 903 est
993 877 1138 916 parva,
1161 863 1232 902 ubi
1257 861 1461 901 omnibus
1486 860 1584 899 licet

469 946 690 998 Aequales
714 946 826 985 inter
850 945 980 984 libere
999 943 1218 989 versarier,

466 1026 621 1067 Serere
644 1039 868 1065 sermones
892 1032 1081 1072 mutuos,
1099 1036 1268 1063 necnon
1293 1022 1404 1062 bene

462 1106 631 1147 Cenare
655 1106 787 1158 parvi,
807 1119 911 1145 mox
937 1118 1164 1157 speramus
1188 1102 1369 1155 parvolo

465 1187 583 1226 Huic
609 1199 909 1226 successurum
936 1185 1076 1224 maius
1100 1191 1142 1223 et
1165 1184 1404 1235 speciosius

467 1268 739 1320 Hospitium,
757 1266 885 1318 quale
909 1266 949 1304 in
976 1278 1101 1304 usum
1128 1264 1357 1303 mulierum
1384 1263 1517 1302 modo

467 1348 661 1387 Donavit
685 1347 819 1386 nostri
845 1346 1055 1398 praesidis
1079 1344 1338 1396 benignitas,

526 1429 725 1467 Accessit
749 1427 842 1466 aliis
867 1427 948 1465 hoc
972 1439 1133 1465 novum
1160 1424 1415 1464 miraculum

474 1511 518 1549 In
546 1509 692 1548 medio
715 1521 873 1559 campo
897 1519 1070 1545 cernere
1093 1512 1158 1545 est
1182 1505 1342 1544 cotidie

473 1591 632 1642 Ingens
656 1588 932 1627 alumnorum
958 1593 1090 1638 atque
1113 1585 1389 1625 alumnarum
1416 1598 1570 1624 manus

471 1671 531 1711 Ut
555 1676 689 1709 certet
714 1681 877 1720 aequor
900 1667 1038 1719 glaeie
1062 1666 1250 1705 solidum
1271 1678 1437 1704 verrere

467 1751 607 1790 Tenui
635 1749 805 1788 munita
830 1747 940 1786 ferro
963 1747 1212 1799 crepidatos
1236 1746 1380 1798 pedes.

532 1830 768 1882 Imperium
795 1841 909 1867 nunc
934 1840 1161 1879 precamur
1184 1833 1231 1865 ut
1257 1825 1556 1864 Britannicum

474 1912 568 1951 l'ari
594 1916 806 1961 augeatur
828 1908 965 1960 gloria
988 1921 1037 1946 ac
1061 1907 1294 1946 concordia

474 1993 605 2031 Porro
629 1997 674 2029 ut
699 1989 847 2041 regina
871 2001 982 2040 quae
1006 1994 1069 2026 tot
1095 1987 1280 2025 illustres
1304 2000 1408 2027 avos

412 2074 416 2077 “
470 2072 581 2111 Tam
609 2071 741 2121 longo
764 2083 889 2108 cursu
916 2068 1034 2120 regni
1059 2067 1162 2106 uicit
1187 2067 1380 2118 prosperi

471 2151 640 2191 Omnes
663 2150 825 2202 ubique
849 2162 970 2199 reges
994 2155 1126 2199 atque
1150 2147 1366 2199 principes

471 2232 534 2273 Ut
562 2231 654 2283 jam
674 2231 834 2269 virtute
857 2229 917 2267 sic
940 2234 1115 2280 superet
1138 2227 1336 2279 potentia
1360 2242 1367 2276 3

471 2312 605 2352 Cuius
630 2311 800 2362 legatus
824 2309 964 2348 clarus
989 2309 1028 2347 in
1055 2307 1278 2359 republica

475 2393 682 2431 Praesens
706 2390 934 2429 nobiscum
959 2388 1149 2427 celebrat
1172 2387 1287 2426 hunc
1313 2386 1470 2426 festum
1495 2388 1622 2426 diem.

533 2471 693 2511 Valete
715 2486 721 2510 :
758 2470 994 2509 Arcturum
1020 2468 1103 2507 huc
1126 2467 1434 2506 advenientem
1460 2468 1697 2519 conspicor.

1467 2594 1508 2634 5.
1530 2595 1574 2633 Β.
1596 2594 1637 2634 S.

1766 186 1805 224 iii
