<?xml version="1.0" encoding="UTF-8"?>
<!DOCTYPE html PUBLIC "-//W3C//DTD XHTML 1.0 Transitional//EN"
    "http://www.w3.org/TR/xhtml1/DTD/xhtml1-transitional.dtd">
<html xmlns="http://www.w3.org/1999/xhtml" xml:lang="en" lang="en">
 <head>
  <title>
</title>
<meta http-equiv="Content-Type" content="text/html;charset=utf-8" />
  <meta name='ocr-system' content='tesseract 3.04.00' />
  <meta name='ocr-capabilities' content='ocr_page ocr_carea ocr_par ocr_line ocrx_word'/>
</head>
<body>
  <div class='ocr_page' id='page_1' title='image "./rudentemfabulamp00plauuoft_0088.png"; bbox 0 0 2111 3158; ppageno 0'>
   <div class='ocr_carea' id='block_1_1' title="bbox 291 170 347 210">
    <p class='ocr_par' dir='ltr' id='par_1_1' title="bbox 291 170 347 210">
     <span class='ocr_line' id='line_1_1' title="bbox 291 170 347 210; baseline -0.018 0"><span class='ocrx_word' id='word_1_1' title='bbox 291 170 347 210; x_wconf 83' lang='lat'>66</span> 
     </span>
    </p>
   </div>
   <div class='ocr_carea' id='block_1_2' title="bbox 846 178 1257 209">
    <p class='ocr_par' dir='ltr' id='par_1_2' title="bbox 846 178 1257 209">
     <span class='ocr_line' id='line_1_2' title="bbox 846 178 1257 209; baseline 0.002 -1"><span class='ocrx_word' id='word_1_2' title='bbox 846 178 1017 208; x_wconf 68' lang='lat' dir='ltr'>PLAVTI</span> <span class='ocrx_word' id='word_1_3' title='bbox 1053 178 1257 209; x_wconf 63' lang='lat' dir='ltr'><strong>RVDENS.</strong></span> 
     </span>
    </p>
   </div>
   <div class='ocr_carea' id='block_1_3' title="bbox 870 538 1232 579">
    <p class='ocr_par' dir='ltr' id='par_1_3' title="bbox 870 538 1232 579">
     <span class='ocr_line' id='line_1_3' title="bbox 870 538 1232 579; baseline 0 -1"><span class='ocrx_word' id='word_1_4' title='bbox 870 538 1074 579; x_wconf 70' lang='lat' dir='ltr'>ACTVS</span> <span class='ocrx_word' id='word_1_5' title='bbox 1126 539 1232 578; x_wconf 90' lang='lat'><em>1111.</em></span> 
     </span>
    </p>
   </div>
   <div class='ocr_carea' id='block_1_4' title="bbox 908 672 1200 712">
    <p class='ocr_par' dir='ltr' id='par_1_4' title="bbox 908 672 1200 712">
     <span class='ocr_line' id='line_1_4' title="bbox 908 672 1200 712; baseline -0.003 0"><span class='ocrx_word' id='word_1_6' title='bbox 908 672 1200 712; x_wconf 65' lang='lat' dir='ltr'>DAEMONES.</span> 
     </span>
    </p>
   </div>
   <div class='ocr_carea' id='block_1_5' title="bbox 437 779 1801 831">
    <p class='ocr_par' dir='ltr' id='par_1_5' title="bbox 437 779 1801 831">
     <span class='ocr_line' id='line_1_5' title="bbox 437 779 1801 831; baseline -0.001 -11"><span class='ocrx_word' id='word_1_7' title='bbox 437 781 554 820; x_wconf 83' lang='lat' dir='ltr'>Bene</span> <span class='ocrx_word' id='word_1_8' title='bbox 570 780 731 820; x_wconf 80' lang='lat' dir='ltr'>factum</span> <span class='ocrx_word' id='word_1_9' title='bbox 749 787 791 819; x_wconf 89' lang='lat' dir='ltr'>et</span> <span class='ocrx_word' id='word_1_10' title='bbox 809 779 944 831; x_wconf 91' lang='lat' dir='ltr'>uolup</span> <span class='ocrx_word' id='word_1_11' title='bbox 961 786 1026 819; x_wconf 89' lang='lat' dir='ltr'>est</span> <span class='ocrx_word' id='word_1_12' title='bbox 1049 779 1179 818; x_wconf 88' lang='lat' dir='ltr'>hodie</span> <span class='ocrx_word' id='word_1_13' title='bbox 1200 793 1268 818; x_wconf 91' lang='lat' dir='ltr'>me</span> <span class='ocrx_word' id='word_1_14' title='bbox 1286 779 1352 819; x_wconf 86' lang='lat' dir='ltr'>his</span> <span class='ocrx_word' id='word_1_15' title='bbox 1368 779 1630 819; x_wconf 79' lang='lat' dir='ltr'>mulierculis</span> <span class='ocrx_word' id='word_1_16' title='bbox 1687 780 1750 819; x_wconf 87' lang='lat' dir='ltr'>IV</span> <span class='ocrx_word' id='word_1_17' title='bbox 1789 791 1801 818; x_wconf 91' lang='lat'><em>1</em></span> 
     </span>
    </p>
   </div>
   <div class='ocr_carea' id='block_1_6' title="bbox 433 848 1634 1659">
    <p class='ocr_par' dir='ltr' id='par_1_6' title="bbox 434 848 1528 1382">
     <span class='ocr_line' id='line_1_6' title="bbox 434 848 1462 900; baseline -0.003 -10"><span class='ocrx_word' id='word_1_18' title='bbox 434 850 652 890; x_wconf 84' lang='lat' dir='ltr'>Tetulisse</span> <span class='ocrx_word' id='word_1_19' title='bbox 675 848 888 894; x_wconf 80' lang='lat' dir='ltr'>auxilium</span> <span class='ocrx_word' id='word_1_20' title='bbox 913 864 919 888; x_wconf 92' lang='lat'>:</span> <span class='ocrx_word' id='word_1_21' title='bbox 953 849 1037 887; x_wconf 89' lang='lat' dir='ltr'>iam</span> <span class='ocrx_word' id='word_1_22' title='bbox 1062 848 1258 888; x_wconf 84' lang='lat' dir='ltr'>eluentas</span> <span class='ocrx_word' id='word_1_23' title='bbox 1282 849 1462 900; x_wconf 75' lang='lat' dir='ltr'>repperi,</span> 
     </span>
     <span class='ocr_line' id='line_1_7' title="bbox 436 909 1478 971; baseline -0.002 -13"><span class='ocrx_word' id='word_1_24' title='bbox 436 910 585 971; x_wconf 50' lang='lat' dir='ltr'>Ktque</span> <span class='ocrx_word' id='word_1_25' title='bbox 602 909 760 958; x_wconf 65' lang='lat' dir='ltr'>{ffibzss</span> <span class='ocrx_word' id='word_1_26' title='bbox 785 911 931 957; x_wconf 54' lang='lat' dir='ltr'>forma</span> <span class='ocrx_word' id='word_1_27' title='bbox 945 916 1100 956; x_wconf 81' lang='lat' dir='ltr'>scitula</span> <span class='ocrx_word' id='word_1_28' title='bbox 1123 925 1254 969; x_wconf 87' lang='lat' dir='ltr'>atque</span> <span class='ocrx_word' id='word_1_29' title='bbox 1277 917 1478 957; x_wconf 85' lang='lat' dir='ltr'>aetatula.</span> 
     </span>
     <span class='ocr_line' id='line_1_8' title="bbox 435 987 1528 1034; baseline -0.003 -6"><span class='ocrx_word' id='word_1_30' title='bbox 435 988 521 1029; x_wconf 80' lang='lat' dir='ltr'>Sed</span> <span class='ocrx_word' id='word_1_31' title='bbox 547 1001 659 1027; x_wconf 83' lang='lat' dir='ltr'>uxor</span> <span class='ocrx_word' id='word_1_32' title='bbox 681 987 864 1026; x_wconf 87' lang='lat' dir='ltr'>scelesta</span> <span class='ocrx_word' id='word_1_33' title='bbox 888 999 957 1025; x_wconf 92' lang='lat' dir='ltr'>me</span> <span class='ocrx_word' id='word_1_34' title='bbox 979 987 1182 1026; x_wconf 87' lang='lat' dir='ltr'>omnibus</span> <span class='ocrx_word' id='word_1_35' title='bbox 1206 993 1351 1026; x_wconf 88' lang='lat' dir='ltr'>seruat</span> <span class='ocrx_word' id='word_1_36' title='bbox 1375 987 1528 1034; x_wconf 83' lang='lat' dir='ltr'>modis,</span> 
     </span>
     <span class='ocr_line' id='line_1_9' title="bbox 436 1054 1422 1109; baseline -0.002 -13"><span class='ocrx_word' id='word_1_37' title='bbox 436 1057 502 1096; x_wconf 73' lang='lat' dir='ltr'>Ne</span> <span class='ocrx_word' id='word_1_38' title='bbox 525 1057 596 1109; x_wconf 89' lang='lat' dir='ltr'>qui</span> <span class='ocrx_word' id='word_1_39' title='bbox 621 1055 863 1108; x_wconf 75' lang='lat' dir='ltr'>significem</span> <span class='ocrx_word' id='word_1_40' title='bbox 887 1055 1113 1107; x_wconf 85' lang='lat' dir='ltr'>quidpiam</span> <span class='ocrx_word' id='word_1_41' title='bbox 1149 1055 1280 1094; x_wconf 90' lang='lat' dir='ltr'>mulie</span> <span class='ocrx_word' id='word_1_42' title='bbox 1305 1054 1422 1094; x_wconf 79' lang='lat' dir='ltr'>culis.</span> 
     </span>
     <span class='ocr_line' id='line_1_10' title="bbox 435 1069 1492 1177; baseline -0.005 -11"><span class='ocrx_word' id='word_1_43' title='bbox 435 1127 522 1167; x_wconf 76' lang='lat' dir='ltr'>Sed</span> <span class='ocrx_word' id='word_1_44' title='bbox 548 1104 709 1177; x_wconf 62' lang='lat' dir='ltr'>Guspus</span> <span class='ocrx_word' id='word_1_45' title='bbox 732 1100 881 1164; x_wconf 45' lang='lat' dir='ltr'>sffuos</span> <span class='ocrx_word' id='word_1_46' title='bbox 905 1131 1053 1163; x_wconf 83' lang='lat' dir='ltr'>noster</span> <span class='ocrx_word' id='word_1_47' title='bbox 1074 1123 1178 1176; x_wconf 89' lang='lat' dir='ltr'>quid</span> <span class='ocrx_word' id='word_1_48' title='bbox 1205 1069 1344 1162; x_wconf 38' lang='lat' dir='ltr'>redm</span> <span class='ocrx_word' id='word_1_49' title='bbox 1369 1099 1492 1175; x_wconf 52' lang='lat' dir='ltr'>gAEt</span> 
     </span>
     <span class='ocr_line' id='line_1_11' title="bbox 435 1192 1518 1245; baseline -0.003 -11"><span class='ocrx_word' id='word_1_50' title='bbox 435 1195 582 1241; x_wconf 81' lang='lat' dir='ltr'>Miror,</span> <span class='ocrx_word' id='word_1_51' title='bbox 605 1195 659 1234; x_wconf 92' lang='lat' dir='ltr'>de</span> <span class='ocrx_word' id='word_1_52' title='bbox 684 1201 811 1232; x_wconf 91' lang='lat' dir='ltr'>nocte</span> <span class='ocrx_word' id='word_1_53' title='bbox 833 1193 906 1245; x_wconf 88' lang='lat' dir='ltr'>qui</span> <span class='ocrx_word' id='word_1_54' title='bbox 931 1192 1037 1232; x_wconf 90' lang='lat' dir='ltr'>abiit</span> <span class='ocrx_word' id='word_1_55' title='bbox 1071 1193 1287 1244; x_wconf 84' lang='lat' dir='ltr'>piscatum</span> <span class='ocrx_word' id='word_1_56' title='bbox 1311 1192 1365 1231; x_wconf 88' lang='lat' dir='ltr'>ad</span> <span class='ocrx_word' id='word_1_57' title='bbox 1392 1205 1518 1231; x_wconf 89' lang='lat' dir='ltr'>mare.</span> 
     </span>
     <span class='ocr_line' id='line_1_12' title="bbox 437 1259 1494 1315; baseline -0.004 -13"><span class='ocrx_word' id='word_1_58' title='bbox 437 1263 510 1302; x_wconf 90' lang='lat' dir='ltr'>Pol</span> <span class='ocrx_word' id='word_1_59' title='bbox 538 1263 676 1315; x_wconf 83' lang='lat' dir='ltr'>magis</span> <span class='ocrx_word' id='word_1_60' title='bbox 699 1262 896 1314; x_wconf 80' lang='lat' dir='ltr'>sapisset,</span> <span class='ocrx_word' id='word_1_61' title='bbox 919 1261 952 1300; x_wconf 84' lang='lat' dir='ltr'>si</span> <span class='ocrx_word' id='word_1_62' title='bbox 976 1261 1255 1300; x_wconf 79' lang='lat' dir='ltr'>dormiuisset</span> <span class='ocrx_word' id='word_1_63' title='bbox 1278 1260 1397 1311; x_wconf 87' lang='lat' dir='ltr'>domi</span> <span class='ocrx_word' id='word_1_64' title='bbox 1417 1275 1424 1299; x_wconf 91' lang='lat'>:</span> <span class='ocrx_word' id='word_1_65' title='bbox 1490 1259 1494 1261; x_wconf 67' lang='grc'><strong>’</strong></span> 
     </span>
     <span class='ocr_line' id='line_1_13' title="bbox 435 1329 1439 1382; baseline -0.004 -11"><span class='ocrx_word' id='word_1_66' title='bbox 435 1332 549 1371; x_wconf 75' lang='lat' dir='ltr'>Nam</span> <span class='ocrx_word' id='word_1_67' title='bbox 576 1345 689 1370; x_wconf 89' lang='lat' dir='ltr'>nunc</span> <span class='ocrx_word' id='word_1_68' title='bbox 713 1338 755 1370; x_wconf 89' lang='lat' dir='ltr'>et</span> <span class='ocrx_word' id='word_1_69' title='bbox 777 1343 955 1382; x_wconf 86' lang='lat' dir='ltr'>operam</span> <span class='ocrx_word' id='word_1_70' title='bbox 982 1329 1107 1369; x_wconf 85' lang='lat' dir='ltr'>ludos</span> <span class='ocrx_word' id='word_1_71' title='bbox 1131 1329 1232 1368; x_wconf 90' lang='lat' dir='ltr'>facit</span> <span class='ocrx_word' id='word_1_72' title='bbox 1255 1336 1297 1368; x_wconf 92' lang='lat' dir='ltr'>et</span> <span class='ocrx_word' id='word_1_73' title='bbox 1321 1329 1439 1377; x_wconf 88' lang='lat' dir='ltr'>retia,</span> 
     </span>
    </p>

    <p class='ocr_par' dir='ltr' id='par_1_7' title="bbox 433 1396 1476 1579">
     <span class='ocr_line' id='line_1_14' title="bbox 433 1396 1476 1452; baseline -0.004 -12"><span class='ocrx_word' id='word_1_74' title='bbox 433 1401 496 1440; x_wconf 64' lang='lat' dir='ltr'>Vt</span> <span class='ocrx_word' id='word_1_75' title='bbox 519 1407 759 1452; x_wconf 79' lang='lat' dir='ltr'>tempestas</span> <span class='ocrx_word' id='word_1_76' title='bbox 781 1406 846 1439; x_wconf 89' lang='lat' dir='ltr'>est</span> <span class='ocrx_word' id='word_1_77' title='bbox 871 1412 984 1438; x_wconf 91' lang='lat' dir='ltr'>nunc</span> <span class='ocrx_word' id='word_1_78' title='bbox 1007 1405 1139 1450; x_wconf 89' lang='lat' dir='ltr'>atque</span> <span class='ocrx_word' id='word_1_79' title='bbox 1162 1404 1208 1438; x_wconf 94' lang='lat' dir='ltr'>ut</span> <span class='ocrx_word' id='word_1_80' title='bbox 1233 1404 1362 1437; x_wconf 92' lang='lat' dir='ltr'>noctu</span> <span class='ocrx_word' id='word_1_81' title='bbox 1388 1396 1476 1437; x_wconf 88' lang='lat' dir='ltr'>fuit.</span> 
     </span>
     <span class='ocr_line' id='line_1_15' title="bbox 438 1466 1462 1521; baseline -0.004 -12"><span class='ocrx_word' id='word_1_82' title='bbox 438 1471 485 1509; x_wconf 93' lang='lat' dir='ltr'>In</span> <span class='ocrx_word' id='word_1_83' title='bbox 509 1470 658 1521; x_wconf 85' lang='lat' dir='ltr'>digitis</span> <span class='ocrx_word' id='word_1_84' title='bbox 682 1468 812 1508; x_wconf 86' lang='lat' dir='ltr'>hodie</span> <span class='ocrx_word' id='word_1_85' title='bbox 835 1481 1099 1520; x_wconf 88' lang='lat' dir='ltr'>percoquam</span> <span class='ocrx_word' id='word_1_86' title='bbox 1123 1467 1240 1519; x_wconf 92' lang='lat' dir='ltr'>quod</span> <span class='ocrx_word' id='word_1_87' title='bbox 1275 1466 1462 1518; x_wconf 86' lang='lat' dir='ltr'>ceperit:</span> 
     </span>
     <span class='ocr_line' id='line_1_16' title="bbox 438 1536 1345 1579; baseline -0.004 -1"><span class='ocrx_word' id='word_1_88' title='bbox 438 1539 504 1579; x_wconf 90' lang='lat' dir='ltr'>Ita</span> <span class='ocrx_word' id='word_1_89' title='bbox 527 1538 735 1577; x_wconf 79' lang='lat' dir='ltr'>fluctuare</span> <span class='ocrx_word' id='word_1_90' title='bbox 759 1537 888 1577; x_wconf 89' lang='lat' dir='ltr'>uideo</span> <span class='ocrx_word' id='word_1_91' title='bbox 912 1536 1194 1576; x_wconf 89' lang='lat' dir='ltr'>uehementer</span> <span class='ocrx_word' id='word_1_92' title='bbox 1217 1548 1345 1574; x_wconf 88' lang='lat' dir='ltr'>mare.</span> 
     </span>
    </p>

    <p class='ocr_par' dir='ltr' id='par_1_8' title="bbox 436 1594 1634 1659">
     <span class='ocr_line' id='line_1_17' title="bbox 436 1594 1634 1659; baseline -0.004 -11"><span class='ocrx_word' id='word_1_93' title='bbox 436 1608 522 1649; x_wconf 79' lang='lat' dir='ltr'>Sed</span> <span class='ocrx_word' id='word_1_94' title='bbox 547 1608 600 1646; x_wconf 90' lang='lat' dir='ltr'>ad</span> <span class='ocrx_word' id='word_1_95' title='bbox 626 1606 858 1659; x_wconf 85' lang='lat' dir='ltr'>prandium</span> <span class='ocrx_word' id='word_1_96' title='bbox 881 1594 994 1645; x_wconf 73' lang='lat' dir='ltr'>uxor</span> <span class='ocrx_word' id='word_1_97' title='bbox 1017 1604 1256 1644; x_wconf 76' lang='lat' dir='ltr'>me&#39;uocat:</span> <span class='ocrx_word' id='word_1_98' title='bbox 1290 1603 1420 1643; x_wconf 88' lang='lat' dir='ltr'>redeo</span> <span class='ocrx_word' id='word_1_99' title='bbox 1441 1604 1634 1643; x_wconf 87' lang='lat' dir='ltr'>domum.</span> 
     </span>
    </p>
   </div>
   <div class='ocr_carea' id='block_1_7' title="bbox 427 1673 1395 1728">
    <p class='ocr_par' dir='ltr' id='par_1_9' title="bbox 427 1673 1395 1728">
     <span class='ocr_line' id='line_1_18' title="bbox 427 1673 1395 1728; baseline -0.005 -12"><span class='ocrx_word' id='word_1_100' title='bbox 427 1677 529 1716; x_wconf 85' lang='lat' dir='ltr'>-Iam</span> <span class='ocrx_word' id='word_1_101' title='bbox 555 1689 674 1715; x_wconf 89' lang='lat' dir='ltr'>meas</span> <span class='ocrx_word' id='word_1_102' title='bbox 697 1674 895 1728; x_wconf 84' lang='lat' dir='ltr'>opplebit</span> <span class='ocrx_word' id='word_1_103' title='bbox 918 1674 1032 1713; x_wconf 90' lang='lat' dir='ltr'>auris</span> <span class='ocrx_word' id='word_1_104' title='bbox 1055 1673 1395 1725; x_wconf 85' lang='lat' dir='ltr'>uaniloquentia.</span> 
     </span>
    </p>
   </div>
   <div class='ocr_carea' id='block_1_8' title="bbox 953 1842 1143 1883">
    <p class='ocr_par' dir='ltr' id='par_1_10' title="bbox 953 1842 1143 1883">
     <span class='ocr_line' id='line_1_19' title="bbox 953 1842 1143 1883; baseline -0.005 0"><span class='ocrx_word' id='word_1_105' title='bbox 953 1842 1143 1883; x_wconf 76' lang='lat' dir='ltr'>GRins.</span> 
     </span>
    </p>
   </div>
   <div class='ocr_carea' id='block_1_9' title="bbox 522 1951 1806 2010">
    <p class='ocr_par' dir='ltr' id='par_1_11' title="bbox 522 1951 1806 2010">
     <span class='ocr_line' id='line_1_20' title="bbox 522 1951 1806 2010; baseline -0.003 -16"><span class='ocrx_word' id='word_1_106' title='bbox 522 1955 732 2006; x_wconf 77' lang='lat' dir='ltr'>Neptuno</span> <span class='ocrx_word' id='word_1_107' title='bbox 754 1953 884 1992; x_wconf 89' lang='lat' dir='ltr'>hasce</span> <span class='ocrx_word' id='word_1_108' title='bbox 906 1965 990 2004; x_wconf 87' lang='lat' dir='ltr'>ago</span> <span class='ocrx_word' id='word_1_109' title='bbox 1013 1953 1175 2010; x_wconf 82' lang='lat' dir='ltr'>gratias</span> <span class='ocrx_word' id='word_1_110' title='bbox 1200 1965 1297 1992; x_wconf 90' lang='lat' dir='ltr'>meo</span> <span class='ocrx_word' id='word_1_111' title='bbox 1320 1959 1518 2004; x_wconf 89' lang='lat' dir='ltr'>patrono,</span> <span class='ocrx_word' id='word_1_112' title='bbox 1687 1951 1750 1990; x_wconf 93' lang='lat' dir='ltr'>lV</span> <span class='ocrx_word' id='word_1_113' title='bbox 1784 1961 1806 1990; x_wconf 88' lang='lat'><em>2</em></span> 
     </span>
    </p>
   </div>
   <div class='ocr_carea' id='block_1_10' title="bbox 519 2021 1700 2557">
    <p class='ocr_par' dir='ltr' id='par_1_12' title="bbox 520 2021 1347 2076">
     <span class='ocr_line' id='line_1_21' title="bbox 520 2021 1347 2076; baseline -0.002 -14"><span class='ocrx_word' id='word_1_114' title='bbox 520 2023 606 2076; x_wconf 76' lang='lat' dir='ltr'>Qui</span> <span class='ocrx_word' id='word_1_115' title='bbox 631 2022 754 2062; x_wconf 80' lang='lat' dir='ltr'>salsis</span> <span class='ocrx_word' id='word_1_116' title='bbox 778 2022 883 2061; x_wconf 88' lang='lat' dir='ltr'>locis</span> <span class='ocrx_word' id='word_1_117' title='bbox 907 2021 1057 2061; x_wconf 91' lang='lat' dir='ltr'>incolit</span> <span class='ocrx_word' id='word_1_118' title='bbox 1081 2021 1347 2073; x_wconf 87' lang='lat' dir='ltr'>pisculentis,</span> 
     </span>
    </p>

    <p class='ocr_par' dir='ltr' id='par_1_13' title="bbox 519 2089 1635 2145">
     <span class='ocr_line' id='line_1_22' title="bbox 519 2089 1635 2145; baseline -0.003 -13"><span class='ocrx_word' id='word_1_119' title='bbox 519 2092 666 2145; x_wconf 73' lang='lat' dir='ltr'>Quom</span> <span class='ocrx_word' id='word_1_120' title='bbox 691 2091 790 2131; x_wconf 90' lang='lat' dir='ltr'>med</span> <span class='ocrx_word' id='word_1_121' title='bbox 814 2104 870 2130; x_wconf 86' lang='lat' dir='ltr'>ex</span> <span class='ocrx_word' id='word_1_122' title='bbox 895 2091 983 2130; x_wconf 82' lang='lat' dir='ltr'>suis</span> <span class='ocrx_word' id='word_1_123' title='bbox 1016 2090 1162 2143; x_wconf 88' lang='lat' dir='ltr'>pulcre</span> <span class='ocrx_word' id='word_1_124' title='bbox 1185 2097 1388 2130; x_wconf 89' lang='lat' dir='ltr'>ornatum</span> <span class='ocrx_word' id='word_1_125' title='bbox 1407 2089 1635 2142; x_wconf 88' lang='lat' dir='ltr'>expediuit</span> 
     </span>
    </p>

    <p class='ocr_par' dir='ltr' id='par_1_14' title="bbox 520 2159 1619 2212">
     <span class='ocr_line' id='line_1_23' title="bbox 520 2159 1619 2212; baseline -0.003 -12"><span class='ocrx_word' id='word_1_126' title='bbox 520 2161 717 2212; x_wconf 87' lang='lat' dir='ltr'>Templis</span> <span class='ocrx_word' id='word_1_127' title='bbox 742 2159 976 2199; x_wconf 91' lang='lat' dir='ltr'>redducem</span> <span class='ocrx_word' id='word_1_128' title='bbox 1003 2159 1204 2210; x_wconf 85' lang='lat' dir='ltr'>pluruma</span> <span class='ocrx_word' id='word_1_129' title='bbox 1227 2159 1389 2211; x_wconf 86' lang='lat' dir='ltr'>praeda</span> <span class='ocrx_word' id='word_1_130' title='bbox 1411 2165 1619 2198; x_wconf 87' lang='lat' dir='ltr'>onustum</span> 
     </span>
    </p>

    <p class='ocr_par' dir='ltr' id='par_1_15' title="bbox 520 2227 1426 2280">
     <span class='ocr_line' id='line_1_24' title="bbox 520 2227 1426 2280; baseline -0.003 -11"><span class='ocrx_word' id='word_1_131' title='bbox 520 2229 672 2270; x_wconf 83' lang='lat' dir='ltr'>Salute</span> <span class='ocrx_word' id='word_1_132' title='bbox 696 2229 855 2276; x_wconf 85' lang='lat' dir='ltr'>horiae,</span> <span class='ocrx_word' id='word_1_133' title='bbox 877 2241 989 2280; x_wconf 87' lang='lat' dir='ltr'>quae</span> <span class='ocrx_word' id='word_1_134' title='bbox 1014 2228 1052 2266; x_wconf 91' lang='lat' dir='ltr'>in</span> <span class='ocrx_word' id='word_1_135' title='bbox 1080 2228 1186 2267; x_wconf 91' lang='lat' dir='ltr'>mari</span> <span class='ocrx_word' id='word_1_136' title='bbox 1211 2227 1426 2267; x_wconf 89' lang='lat' dir='ltr'>fluctuoso</span> 
     </span>
    </p>

    <p class='ocr_par' dir='ltr' id='par_1_16' title="bbox 521 2297 1347 2349">
     <span class='ocr_line' id='line_1_25' title="bbox 521 2297 1347 2349; baseline -0.004 -11"><span class='ocrx_word' id='word_1_137' title='bbox 521 2299 693 2338; x_wconf 82' lang='lat' dir='ltr'>Piscatu</span> <span class='ocrx_word' id='word_1_138' title='bbox 718 2311 833 2337; x_wconf 90' lang='lat' dir='ltr'>nouo</span> <span class='ocrx_word' id='word_1_139' title='bbox 857 2310 926 2336; x_wconf 93' lang='lat' dir='ltr'>me</span> <span class='ocrx_word' id='word_1_140' title='bbox 949 2297 1067 2336; x_wconf 88' lang='lat' dir='ltr'>uberi</span> <span class='ocrx_word' id='word_1_141' title='bbox 1092 2297 1347 2349; x_wconf 89' lang='lat' dir='ltr'>conpotiuit.</span> 
     </span>
    </p>

    <p class='ocr_par' dir='ltr' id='par_1_17' title="bbox 519 2363 1700 2487">
     <span class='ocr_line' id='line_1_26' title="bbox 519 2363 1700 2419; baseline -0.003 -12"><span class='ocrx_word' id='word_1_142' title='bbox 519 2368 720 2419; x_wconf 80' lang='lat' dir='ltr'>Miroque</span> <span class='ocrx_word' id='word_1_143' title='bbox 738 2367 870 2411; x_wconf 88' lang='lat' dir='ltr'>modo</span> <span class='ocrx_word' id='word_1_144' title='bbox 888 2373 1020 2418; x_wconf 87' lang='lat' dir='ltr'>atque</span> <span class='ocrx_word' id='word_1_145' title='bbox 1040 2365 1281 2405; x_wconf 83' lang='lat' dir='ltr'>incredibili</span> <span class='ocrx_word' id='word_1_146' title='bbox 1300 2365 1368 2404; x_wconf 88' lang='lat' dir='ltr'>hic</span> <span class='ocrx_word' id='word_1_147' title='bbox 1386 2365 1576 2417; x_wconf 88' lang='lat' dir='ltr'>piscatus</span> <span class='ocrx_word' id='word_1_148' title='bbox 1596 2363 1700 2403; x_wconf 86' lang='lat' dir='ltr'>mihi</span> 
     </span>
     <span class='ocr_line' id='line_1_27' title="bbox 1196 2434 1519 2487; baseline -0.003 -14"><span class='ocrx_word' id='word_1_149' title='bbox 1196 2434 1340 2487; x_wconf 89' lang='lat' dir='ltr'>lepide</span> <span class='ocrx_word' id='word_1_150' title='bbox 1362 2434 1519 2482; x_wconf 83' lang='lat' dir='ltr'>evenit,</span> 
     </span>
    </p>

    <p class='ocr_par' dir='ltr' id='par_1_18' title="bbox 521 2502 1692 2557">
     <span class='ocr_line' id='line_1_28' title="bbox 521 2502 1692 2557; baseline -0.003 -13"><span class='ocrx_word' id='word_1_151' title='bbox 521 2505 674 2557; x_wconf 76' lang='lat' dir='ltr'>Neque</span> <span class='ocrx_word' id='word_1_152' title='bbox 698 2504 879 2557; x_wconf 82' lang='lat' dir='ltr'>piscium</span> <span class='ocrx_word' id='word_1_153' title='bbox 904 2503 1036 2543; x_wconf 86' lang='lat' dir='ltr'>ullam</span> <span class='ocrx_word' id='word_1_154' title='bbox 1062 2503 1233 2543; x_wconf 86' lang='lat' dir='ltr'>unciam</span> <span class='ocrx_word' id='word_1_155' title='bbox 1263 2503 1411 2555; x_wconf 89' lang='lat' dir='ltr'>pondo</span> <span class='ocrx_word' id='word_1_156' title='bbox 1434 2502 1564 2542; x_wconf 88' lang='lat' dir='ltr'>hodie</span> <span class='ocrx_word' id='word_1_157' title='bbox 1585 2502 1692 2554; x_wconf 89' lang='lat' dir='ltr'>cepi,</span> 
     </span>
    </p>
   </div>
   <div class='ocr_carea' id='block_1_11' title="bbox 519 2563 1640 2682">
    <p class='ocr_par' dir='ltr' id='par_1_19' title="bbox 519 2563 1640 2682">
     <span class='ocr_line' id='line_1_29' title="bbox 803 2563 1581 2637; baseline -0.001 -25"><span class='ocrx_word' id='word_1_158' title='bbox 803 2573 881 2612; x_wconf 89' lang='lat' dir='ltr'>nisi</span> <span class='ocrx_word' id='word_1_159' title='bbox 903 2573 984 2612; x_wconf 85' lang='lat' dir='ltr'>hoc</span> <span class='ocrx_word' id='word_1_160' title='bbox 1007 2572 1124 2625; x_wconf 90' lang='lat' dir='ltr'>quod</span> <span class='ocrx_word' id='word_1_161' title='bbox 1151 2571 1240 2611; x_wconf 82' lang='lat' dir='ltr'>fero</span> <span class='ocrx_word' id='word_1_162' title='bbox 1262 2572 1330 2611; x_wconf 85' lang='lat' dir='ltr'>hic</span> <span class='ocrx_word' id='word_1_163' title='bbox 1355 2572 1394 2611; x_wconf 95' lang='lat' dir='ltr'>in</span> <span class='ocrx_word' id='word_1_164' title='bbox 1420 2563 1581 2637; x_wconf 44' lang='grc' dir='ltr'>πρὶν</span> 
     </span>
     <span class='ocr_line' id='line_1_30' title="bbox 519 2628 1640 2682; baseline -0.004 -10"><span class='ocrx_word' id='word_1_165' title='bbox 519 2631 633 2672; x_wconf 79' lang='lat' dir='ltr'>Nam</span> <span class='ocrx_word' id='word_1_166' title='bbox 660 2639 705 2671; x_wconf 94' lang='lat' dir='ltr'>ut</span> <span class='ocrx_word' id='word_1_167' title='bbox 729 2632 782 2671; x_wconf 91' lang='lat' dir='ltr'>de</span> <span class='ocrx_word' id='word_1_168' title='bbox 807 2638 934 2671; x_wconf 90' lang='lat' dir='ltr'>nocte</span> <span class='ocrx_word' id='word_1_169' title='bbox 959 2631 1096 2670; x_wconf 91' lang='lat' dir='ltr'>multa</span> <span class='ocrx_word' id='word_1_170' title='bbox 1120 2631 1375 2682; x_wconf 88' lang='lat' dir='ltr'>inpigreque</span> <span class='ocrx_word' id='word_1_171' title='bbox 1397 2628 1640 2677; x_wconf 85' lang='lat' dir='ltr'>exsurrexi,</span> 
     </span>
    </p>
   </div>
   <div class='ocr_carea' id='block_1_12' title="bbox 1745 2242 1809 2273">
    <p class='ocr_par' dir='ltr' id='par_1_20' title="bbox 1745 2242 1809 2273">
     <span class='ocr_line' id='line_1_31' title="bbox 1745 2242 1809 2273; baseline 0 -9"><span class='ocrx_word' id='word_1_172' title='bbox 1745 2242 1809 2273; x_wconf 84' lang='lat'>9¹0</span> 
     </span>
    </p>
   </div>
   <div class='ocr_carea' id='block_1_13' title="bbox 1744 2641 1807 2676">
    <p class='ocr_par' dir='ltr' id='par_1_21' title="bbox 1744 2641 1807 2676">
     <span class='ocr_line' id='line_1_32' title="bbox 1744 2641 1807 2676; baseline 0.032 -2"><span class='ocrx_word' id='word_1_173' title='bbox 1744 2641 1807 2676; x_wconf 83' lang='lat'>9¹5</span> 
     </span>
    </p>
   </div>
  </div>
 </body>
</html>
