2111 3158
273 187 323 227 32
826 184 997 215 PLAVTI
1034 183 1236 215 RVDENS.

388 287 476 329 Sed
499 287 603 340 quid
634 287 738 328 flet?
815 287 910 327 AM.
944 287 1043 339 Ego
1071 287 1214 326 dicam
1238 286 1343 327 tibi:
1375 287 1457 327 hoc
1479 278 1670 357 565431(-

1178 355 1340 409 cruciat
1363 355 1517 404 animi)
1566 355 1568 357 ’

386 423 502 477 Quia
525 424 623 464 leno
645 425 811 464 ademit
834 423 1035 464 cistulam
1059 424 1109 472 ei,
1131 437 1262 476 quam
1296 423 1488 464 habebat
1510 424 1673 477 ubique

930 491 933 493 “
1296 492 1500 542 habebat,

385 561 471 615 Qui
495 575 596 602 suos
620 561 812 614 parentis
835 574 1012 601 noscere
1035 568 1207 613 posset:
1240 575 1336 601 eam
1362 568 1535 602 ueretur
1725 577 1789 609 390

388 631 455 670 Ne
478 630 660 683 perierit.
735 629 818 669 TR.
853 629 1047 669 Vbinam
1070 643 1122 669 ea
1145 629 1224 670 fuit
1256 630 1503 685 cistellula?
1579 630 1672 670 AM.

685 735 690 745 ,
1140 697 1308 738 Ibidem
1333 699 1373 738 in
1400 699 1500 738 naui

385 767 612 809 Conclusit
635 767 726 819 ipse
750 767 790 806 in
815 767 1026 823 Qm,
1049 780 1102 821 u‘e
1125 767 1252 820 copia
1273 774 1386 807 esset
1409 768 1446 807 ei

387 837 473 890 Qui
497 849 598 876 suos
621 836 813 888 parentis
836 842 1045 875 nosceret.
1120 835 1202 875 TR.
1238 835 1278 876 O
1303 835 1469 876 facinus
1502 836 1673 889 inpudi—

1389 918 1501 953 cum,

386 973 531 1026 Quam
557 973 736 1013 liberam
760 986 854 1012 esse
876 979 1089 1025 oporteat,
1111 973 1272 1012 seruire
1295 973 1526 1041 postulare.
1600 1018 1613 1028 h
1639 1024 1674 1032 Ἢ
1729 1028 1739 1032 -

273 1043 365 1082 AM.
387 1043 515 1082 Nunc
538 1055 637 1082 eum
657 1055 755 1082 cum
780 1042 880 1081 naui
904 1042 1068 1081 scilicet
1090 1035 1503 1094 abisseffiggumssm
1519 1037 1668 1094 altum.
1727 1058 1791 1090 395

388 1111 446 1152 Et
467 1124 621 1151 aurum
645 1118 688 1151 et
709 1118 940 1163 argentum
965 1110 1046 1150 fuit
1069 1110 1237 1150 lenonis
1259 1124 1390 1150 omne
1412 1111 1587 1152 ibidem.

271 1181 353 1221 TR.
388 1180 532 1221 Credo
573 1181 764 1232 aliquem
811 1180 1059 1219 inmersisse
1111 1187 1243 1232 atque
1284 1193 1383 1220 eum
1435 1180 1673 1233 excepisse.

825 1240 1075 1288 m
1100 1249 1258 1289 misera
1281 1247 1503 1309 maestast‚

387 1319 479 1360 Sibi
503 1331 653 1369 eorum
677 1318 875 1358 euenisse
898 1318 1103 1375 mopiam.
1167 1317 1250 1357 TR.
1288 1318 1379 1357 Iam
1404 1318 1513 1358 istoc
1537 1319 1676 1370 magis

483 1394 488 1398 '
1207 1400 1309 1426 usus
1334 1386 1503 1435 factost,

386 1457 449 1496 Vt
481 1469 578 1496 eam
612 1456 727 1522 Q
749 1455 1035 1508 consolerque
1067 1468 1177 1504 eam,
1200 1469 1254 1495 ne
1285 1455 1345 1495 sic
1377 1469 1422 1495 se
1454 1456 1677 1496 excruciet

1357 1537 1502 1571 amrm.

388 1594 502 1634 Nam
529 1593 667 1633 multa
691 1600 862 1646 praeter
884 1607 1007 1646 spem
1031 1593 1121 1633 scio
1145 1593 1293 1633 multis
1316 1592 1432 1633 bona
1455 1593 1663 1633 euenisse.
1730 1610 1797 1640 400

274 1664 368 1704 AM.
388 1663 450 1703 At
500 1675 584 1714 ego
635 1663 781 1712 etiam,
831 1663 905 1715 qui
957 1662 1228 1715 sperauerint
1279 1675 1402 1714 spem
1442 1662 1678 1715 decepisse

1332 1730 1503 1770 multos.

272 1802 354 1842 ΤΚ.
390 1803 511 1855 Ergo
544 1803 716 1843 animus
748 1814 911 1854 aequos
943 1806 1222 1853 optumumst
1256 1813 1492 1839 aerumnae
1529 1799 1677 1839 condi-

1293 1875 1513 1926 mentum.0

389 1941 488 1994 Ego
519 1955 571 1980 eo
604 1941 730 1989 intro,
763 1939 842 1979 nisi
875 1939 979 1991 quid
1016 1938 1091 1977 uis.
1158 1937 1251 1977 ΑΜ.
1298 1937 1397 1976 Eas.
1442 1951 1525 1990 ego
1559 1937 1676 1989 quod

1144 2005 1248 2045 mihi
1273 2006 1505 2058 imperauit
1887 1988 1904 2078 s

389 2077 603 2119 Sacerdos
637 2077 677 2117 id
712 2077 867 2117 faciam
902 2083 1034 2128 atque
1063 2087 1223 2127 aquam
1257 2074 1357 2113 hinc
1380 2074 1434 2114 de
1458 2086 1698 2170 proxumo]
1750 2068 1799 2154 Η
1824 2058 1875 2125 (ΐί

1329 2143 1502 2197 rograbo.
1587 2178 1601 2186 ,
1845 2138 1850 2143 ’

391 2217 526 2265 Heus,
548 2217 696 2268 ecquis
720 2217 759 2255 in
785 2215 962 2255 uillast?
1004 2214 1152 2266 ecquis
1176 2213 1256 2253 hoc
1281 2212 1495 2252 recludit?
1529 2192 1682 2264 ecqui}

1327 2280 1504 2333 prodit?
1521 2280 1582 2378 Ϋ

678 2423 972 2464 SCEPARMO.
1090 2421 1388 2461 AMI‘ELlsCA.

275 2538 346 2578 SR
391 2535 501 2588 Quis
516 2543 581 2576 est
596 2536 669 2588 qui
687 2536 1157 2587 nostristamproterue
1174 2533 1337 2573 foribus
1355 2532 1681 2580 facitiniuriam,
1701 2531 1739 2571 Il
1766 2544 1794 2582 4

277 2606 367 2646 AM.
392 2605 490 2658 Ego
521 2618 629 2644 sum.
694 2605 765 2645 Sc.
804 2604 933 2653 Hem,
955 2603 1059 2656 quid
1093 2603 1174 2642 hoc
1208 2602 1386 2642 bonist?
1423 2614 1488 2649 eu,
1520 2600 1675 2653 edepol

935 2672 1080 2725 specie
1104 2671 1247 2724 lepida
1275 2670 1511 2710 mulierem.
1730 2683 1793 2717 4¹5
