2111 3158
271 160 322 210 56
824 168 993 198 PLAVTI
1031 167 1236 198 RVDENS.

411 270 476 310 Te
507 283 590 323 ego
612 271 796 323 appello,
876 270 992 310 ΒΑΕ.
1033 270 1144 311 Cum
1170 271 1276 311 istoc
1311 272 1500 324 primum
1524 273 1598 324 qui
1631 280 1674 313 te

1165 341 1287 380 nouit
1310 341 1498 392 disputa.

271 407 350 447 LA.
413 407 578 448 Tecum
599 422 692 460 ago.
747 407 829 447 TR.
858 407 993 460 Atqui
1020 421 1189 448 mecum
1209 409 1490 461 agundumst.
1515 416 1674 450 suntne

1043 477 1141 516 illae
1163 477 1347 517 ancillae
1370 482 1502 517 tuae?

271 543 350 584 LA.
415 545 537 585 Sunt.
601 545 682 584 TR.
722 544 925 597 Agedum
951 558 1066 597 ergo,
1089 552 1222 597 tange
1251 547 1464 586 utramuis
1487 546 1674 599 digitulo

1014 614 1212 654 minumo
1236 615 1379 662 modo,
1727 632 1790 663 7²0

272 680 349 720 LA.
413 681 545 733 Quid,
578 682 610 720 si
644 683 862 734 attigero?
936 682 1019 722 TR.
1065 682 1310 735 Extemplo
1342 683 1483 723 hercle
1516 697 1599 737 ego
1631 691 1674 724 te

1028 751 1174 791 follem
1200 752 1510 804 pugilatorium

417 819 592 858 Faciam
627 826 668 859 et
703 820 968 872 pendentem
1004 819 1234 859 incursabo
1274 821 1443 873 pugniS,
1476 821 1675 873 periuris-

1268 888 1271 890 ’
1367 902 1500 928 sume.

274 956 351 995 LA.
417 955 525 995 Mihi
551 969 635 995 non
663 956 788 996 liceat
813 970 932 996 meas
955 956 1135 996 ancillas
1160 956 1344 996 Veneris
1366 958 1420 997 de
1444 971 1516 998 ara
1539 958 1675 999 abdu-

1374 1040 1468 1066 cere
1486 1031 1502 1067 ?

273 1093 389 1133 DAE.
417 1093 516 1168 Non
543 1093 667 1134 licet:
700 1102 765 1134 est
789 1094 861 1134 lex
885 1095 1000 1146 apud
1028 1108 1106 1133 nos
1229 1094 1306 1134 LA.
1344 1095 1452 1134 Mihi
1477 1109 1575 1136 cum
1601 1110 1674 1136 uo-

591 1196 611 1221 „-
645 1183 657 1224 4
1212 1164 1310 1204 stris
1334 1164 1502 1215 levibus

380 1198 507 1271 &ec
530 1232 741 1272 ciccumst
763 1233 1020 1272 commerci:
1054 1233 1258 1284 equidem
1285 1233 1388 1273 istas
1414 1234 1498 1273 iam
1522 1234 1675 1274 ambas

1165 1303 1348 1342 educam
1375 1302 1498 1342 foras.
1732 1319 1790 1352 7²5

270 1369 387 1408 ΒΑΕ.
413 1368 619 1422 Occipito
643 1370 775 1409 modo
795 1370 876 1409 illis
899 1370 1068 1410 adferre
1091 1372 1179 1410 uim
1205 1371 1347 1411 ioculo
1366 1372 1671 1424 pausillulum:

418 1438 484 1478 lta
506 1451 590 1490 ego
613 1448 654 1478 te
673 1439 771 1478 hinc
790 1446 993 1479 ornatum
1017 1440 1233 1488 amittam
1249 1447 1293 1480 tu
1315 1441 1433 1493 ipsus
1455 1447 1501 1481 te
1517 1439 1562 1481 u}
1587 1454 1751 1554 nors

1313 1510 1601 1550 noueris.-
1729 1526 1791 1559 730

270 1576 349 1617 LA.
414 1576 469 1615 Vi
494 1577 588 1628 agis
611 1590 795 1617 mecum.
857 1577 940 1617 ΤΚ.
975 1577 1122 1618 Etiam
1147 1578 1388 1631 opprobras
1412 1579 1512 1624 uim,
1536 1579 1672 1632 flagiti

1238 1647 1468 1699 flagrantia
1486 1653 1502 1688 ?

269 1714 347 1754 LA.
410 1714 508 1754 Tun
534 1713 764 1754 trifurcifer
787 1715 891 1754 mihi
916 1716 1051 1755 audes
1075 1716 1359 1757 inclementer
1380 1717 1558 1757 dicere?

267 1783 350 1823 TR.
413 1783 582 1832 Fateor,
618 1797 701 1836 ego
744 1783 974 1824 trifurcifer
1005 1799 1127 1825 sum:
1171 1785 1252 1825 tu’s
1294 1786 1428 1825 homo
1476 1787 1675 1839 adprime

1308 1855 1470 1907 probus
1492 1872 1498 1895 :
1730 1871 1790 1905 735

414 1921 607 1974 Numqui
643 1923 786 1962 minus
821 1922 950 1962 hasce
987 1936 1081 1963 esse
1117 1929 1291 1976 oportet
1330 1924 1518 1964 liberas?
1595 1924 1674 1964 LA.

1155 1990 1298 2045 Quid}
1312 1992 1502 2033 liberas?

269 2060 351 2099 ΤΚ.
415 2059 564 2112 Atque
587 2073 680 2099 eras
704 2067 801 2100 tuas
824 2061 1002 2113 quidem
1037 2061 1179 2101 hercle
1211 2069 1345 2114 atque
1376 2076 1433 2101 ex
1466 2076 1676 2115 germana

1293 2130 1500 2171 Graecia:

414 2197 529 2238 Nam
554 2198 690 2238 altera
713 2198 818 2238 haec
842 2206 907 2239 est
941 2182 1043 2239 nata
1070 2199 1258 2239 Athenis
1290 2200 1488 2252 ingenuis
1522 2213 1674 2253 paren-

1385 2269 1512 2309 tibus.

271 2335 386 2375 DAE.
411 2334 529 2388 Quid
564 2349 646 2388 ego
678 2350 734 2376 ex
769 2343 811 2376 te
837 2337 1004 2377 audio?
1085 2337 1169 2377 Tu.
1207 2337 1335 2377 Hanc
1362 2337 1549 2378 Athenis
1581 2351 1675 2378 esse

1136 2412 1284 2446 natam
1310 2406 1500 2446 liberam.

268 2473 386 2513 ΒΑΕ.
415 2473 515 2513 Mea
561 2474 751 2526 poplaris
798 2487 981 2526 opsecro
1025 2475 1131 2514 haec
1177 2482 1241 2515 cst
1260 2479 1276 2515 ?
1297 2474 1435 2533 “le.
1484 2475 1583 2515 Non
1628 2482 1673 2516 tu

1138 2544 1402 2596 Cyrenensis
1424 2558 1469 2584 es
1487 2549 1503 2584 Ρ
1731 2561 1792 2592 740

269 2612 388 2652 ΒΑΕ.
418 2611 559 2651 Immo
586 2611 772 2652 Athenis
797 2619 924 2652 natus
952 2612 1155 2665 altusque
1177 2613 1477 2667 educatusque
1504 2614 1673 2654 Atticis.
