2111 3158
332 95 386 144 48
890 101 1062 132 PLAVTI
1099 101 1303 133 arnt-:Ns

425 202 452 209 ““
481 204 608 244 Ferte
650 217 778 256 opem
815 204 986 256 inopiae
1022 210 1153 255 atque
1194 202 1450 255 exemplum
1485 216 1737 256 pessumum

1253 285 1429 324 pessum
1453 272 1565 311 date.

479 341 725 384 Vindicate,
750 353 803 379 ne
827 340 1044 392 inpiorum
1070 339 1212 392 potior
1234 340 1290 379 sit
1313 339 1522 392 pollentia

479 409 624 462 Quam
645 408 1020 460 innocentum,qui
1040 422 1085 447 se
1100 408 1261 447 scelere
1281 407 1369 447 fieri
1390 408 1543 448 nolunt
1563 408 1737 448 nobilis:

437 478 670 519 ‘statuite
712 477 968 529 exemplum
1004 477 1246 529 inpudenti,
1276 477 1379 517 date
1417 477 1570 529 pudori
1616 491 1736 529 prae-

1398 546 1532 585 mium
1555 561 1562 585 :
1792 554 1858 585 620

480 615 628 655 Facite
651 615 718 654 hic
743 615 837 667 lege
860 614 1005 667 potius
1030 614 1157 654 liceat
1190 627 1322 665 quam
1347 614 1387 653 ui
1412 615 1530 654 uicto
1553 614 1709 654 uiuere.

477 684 647 724 Currite
679 683 762 723 huc
794 684 834 722 in
861 683 1045 722 Veneris
1075 682 1237 731 sanum,
1260 690 1452 722 uostram
1488 683 1642 722 iterum
1678 683 1738 722 in-

1277 750 1400 803 ploro
1424 749 1566 795 fidem,

477 821 563 874 Qui
584 833 718 874 prope
737 821 805 860 hic
821 820 984 860 adestis
1002 820 1164 872 quique
1183 819 1344 859 auditis
1362 819 1598 859 clamorem
1619 833 1775 860 meum.

478 890 605 930 Ferte
628 890 854 942 suppetias
877 889 949 941 qui
977 889 1138 928 Veneri
1164 887 1468 940 Veneriaeque
1490 889 1715 929 antistitae

479 959 603 998 More
620 959 802 1010 antiquo
818 958 858 997 in
878 957 1150 997 custodelam
1167 970 1293 996 suum
1313 957 1609 997 conmiserunt
1624 966 1767 1010 caput.

481 1029 789 1079 Praetorquete
827 1027 1007 1066 iniuriae
1045 1026 1161 1079 prius
1195 1026 1354 1065 collum
1393 1039 1525 1078 quam
1563 1027 1617 1066 ad
1662 1040 1739 1067 uos

1342 1103 1562 1147 peruenat.
1792 1104 1857 1135 626

335 1166 450 1205 ΒΑΕ.
471 1164 588 1217 Quid
624 1165 733 1205 istuc
766 1172 831 1205 est
865 1164 1047 1216 negoti?
1129 1163 1213 1203 ΤΚ.
1250 1163 1330 1203 Per
1352 1177 1435 1222 ego
1466 1163 1573 1203 haec
1596 1177 1739 1216 genua

1123 1240 1164 1272 te
1186 1239 1394 1285 optestor.
1417 1241 1566 1279 senex,

477 1302 689 1355 Quisquis
711 1316 860 1342 es—
938 1302 1056 1341 ΒΑΕ.
1092 1301 1210 1354 Quin
1234 1307 1280 1341 tu
1296 1314 1401 1353 ergo
1418 1302 1573 1341 omitte
1595 1315 1738 1354 genua

1036 1377 1078 1410 et
1102 1371 1205 1423 quid
1231 1371 1285 1410 sit
1310 1371 1366 1409 mi
1390 1371 1564 1423 expedi„

477 1441 607 1493 Quod
642 1440 892 1481 tumultues.
970 1439 1053 1479 TR.
1097 1446 1287 1491 —teque
1318 1452 1395 1478 oro
1426 1447 1469 1479 et
1501 1453 1676 1492 quaeso,
1702 1440 1736 1479 si

1200 1522 1347 1559 speras
1370 1507 1446 1548 tibi

479 1579 578 1618 Hoc
601 1591 717 1618 anno
741 1578 927 1618 multum
953 1577 1145 1617 futurum
1170 1577 1284 1629 sirpe
1306 1584 1348 1616 et
1373 1577 1646 1629 laserpicium
1791 1586 1856 1626 630

478 1647 678 1700 Eamque
701 1655 957 1686 euenturam
992 1658 1242 1699 exagogam
1268 1644 1466 1698 Capuam
1491 1646 1658 1686 saluam
1694 1654 1736 1687 et

768 1751 774 1776 4
831 1756 834 1761 ,
855 1755 858 1757 ,
894 1760 898 1762 ,
948 1759 959 1769 x
1084 1711 1086 1714 ’
1340 1715 1564 1767 sospitem,

478 1785 626 1838 Atque
649 1785 704 1824 ab
724 1785 986 1837 lippitudine
1005 1797 1144 1836 usque
1161 1783 1333 1823 siccitas
1351 1791 1398 1823 ut
1422 1784 1477 1823 sit
1501 1784 1577 1824 tibi

334 1855 449 1895 ΒΑΕ.
470 1855 621 1895 Sanun
655 1857 732 1894 es?
809 1853 892 1893 TR.
927 1866 1058 1893 —seu
1093 1853 1170 1892 tibi
1205 1851 1390 1892 confidis
1423 1852 1512 1892 fore
1551 1854 1735 1894 multam

1276 1922 1564 1974 magudarim,
1732 1912 1739 1926 ²

476 1993 537 2033 Vt
561 2000 603 2033 te
622 2007 674 2032 ne
693 1993 841 2045 pigeat
864 1993 968 2032 dare
987 2004 1164 2044 operam
1186 1991 1289 2031 mihi
1309 1991 1426 2043 quod
1451 1999 1493 2031 te
1511 1992 1658 2040 orabo,
1673 2005 1736 2032 se-

1464 2074 1562 2101 nex.

334 2131 532 2172 I)A1-3.At
565 2145 647 2183 ego
681 2138 722 2170 te
755 2144 831 2183 per
862 2144 986 2170 crura
1018 2137 1060 2170 et
1094 2129 1206 2170 talos
1244 2137 1505 2182 tergumque
1541 2130 1746 2171 obtestor·

871 2207 981 2267 pls,
1003 2232 1034 2259 .[
1114 2229 1146 2250 Α)
1172 2239 1178 2243 ,
1427 2205 1562 2246 tuom,
1790 2207 1852 2248 635

477 2270 549 2313 Vt.
572 2269 648 2309 tibi
675 2269 864 2308 ulmeam
891 2268 931 2307 ni
957 2274 1120 2307 metere
1197 2281 1290 2307 eras
1315 2267 1618 2319 uirgidemiam

478 2339 534 2378 Et
558 2338 634 2378 tibi
658 2345 914 2378 euenturam
939 2336 1021 2376 lioc
1039 2280 1356 2414 aidilberem
1383 2349 1568 2376 messem
1594 2337 1707 2386 mali,

476 2408 535 2448 Vt
561 2408 616 2447 mi
643 2409 751 2447 istuc
775 2407 894 2447 dicas
918 2407 1064 2458 negoti
1089 2406 1194 2467 quid
1218 2407 1285 2453 sit,
1308 2406 1426 2459 quod
1450 2407 1701 2447 tumultues

331 2477 413 2517 ΤΚ.
467 2477 552 2530 Qui
592 2477 711 2516 lubet
745 2476 1037 2516 maledicere?
1083 2464 1287 2555 effidem
1327 2474 1403 2515 tibi
1438 2474 1553 2515 bona
1585 2476 1735 2529 optaui

1156 2565 1174 2607 ¹.
1403 2544 1561 2584 omnia.
