2111 3158
256 171 308 211 72

257 816 339 856 Tu.

257 953 339 993 TR.

260 1502 343 1542 TR.

260 1709 296 1748 T
305 1719 342 1748 κ.

264 2327 346 2368 GR.

265 2465 347 2505 TR.

812 170 983 200 PLAVTI
1020 169 1224 201 RVDENS.

551 268 763 308 Indicium
787 268 968 307 domino
991 281 1077 307 non
1103 267 1258 307 faciam
1279 268 1285 281 '

551 337 590 376 Is
615 337 717 376 mihi
743 336 847 375 nihil
872 337 1003 376 etiam
1030 337 1264 389 respondit.

375 405 490 457 Quid
517 406 617 445 inde
640 411 870 457 aequomst
893 405 985 444 dari
1011 405 1150 444 mihi?
1182 405 1413 444 dimidium
1455 402 1464 414 '

374 473 489 513 Volo
512 480 556 513 tu
581 473 710 513 dicas.
774 472 857 513 GR.
896 473 1038 512 Immo
1061 473 1203 512 hercle
1225 473 1357 513 etiam
1382 472 1571 524 amplius
1592 487 1599 511 :
1714 481 1780 519 960

376 542 489 581 Nam
515 542 594 581 nisi
619 542 706 590 dat,
728 542 910 581 domino
931 542 1171 581 dicundum

374 611 553 651 Censeo.
617 610 700 650 Τκ.
734 610 833 650 Tuo
856 610 1038 650 consilio
1062 610 1230 650 faciam.

434 678 561 718 Nunc
585 678 769 718 aduorte
791 678 986 718 animum
1007 694 1014 717 :
1048 692 1238 730 namque
1261 678 1342 717 hoc
1366 691 1496 717 omne

548 747 722 787 Attinet
745 747 798 786 ad
824 754 877 786 te.
941 746 1024 787 GR.
1059 746 1178 799 Quid
1204 746 1441 786 factumst?

376 815 587 855 Vidulum
637 815 767 855 istum
821 815 977 867 quoius
1031 816 1131 855 noui
1175 829 1258 867 ego
1299 815 1522 855 bominem
1577 815 1661 854 iam

892 884 1070 936 pridem.
1134 883 1218 923 GR.
1253 883 1369 936 Quid
1394 888 1490 923 est?

376 953 432 993 Et
455 967 543 1005 quo
567 959 697 1005 pacto
721 953 856 1005 periit.
920 952 1003 993 GR.
1041 952 1101 992 At
1133 966 1216 1005 ego
1238 966 1326 1005 quo
1359 959 1489 1005 pacto
1512 953 1662 992 inuen-

1265 1028 1353 1061 tust
1376 1021 1491 1060 scio:

376 1090 432 1130 Et
455 1091 527 1143 qui
554 1090 720 1129 inuenit
751 1089 974 1129 hominem
1009 1090 1123 1137 noui,
1146 1095 1189 1130 et
1221 1090 1427 1130 dominus
1450 1090 1522 1142 qui
1550 1103 1664 1129 nunc

1284 1165 1350 1198 est
1372 1159 1461 1197 scio
1482 1174 1489 1197 ;
1718 1165 1781 1205 965

378 1227 526 1267 Nihilo
542 1227 611 1280 pol
632 1227 766 1279 pluris
784 1233 859 1266 tua
876 1227 958 1266 hoc
977 1240 1108 1279 quarn
1124 1227 1276 1279 quanti
1301 1227 1406 1267 illud
1423 1226 1550 1266 refert
1568 1240 1673 1266 mea.

376 1297 474 1349 Ego
507 1296 627 1336 illum
664 1296 765 1336 noui
799 1296 956 1348 quoius
993 1309 1106 1335 nunc
1142 1303 1234 1336 est:
1273 1302 1319 1335 tu
1355 1295 1474 1335 illum
1508 1296 1665 1348 quoius

1184 1364 1369 1404 antehac
1403 1364 1491 1404 fuit.

378 1434 508 1473 Hunc
532 1434 665 1473 homo
688 1433 794 1473 feret
817 1447 841 1473 a
865 1447 934 1473 me
959 1445 1113 1473 nemo:
1147 1447 1200 1473 ne
1224 1441 1269 1473 tu
1294 1440 1336 1473 te
1359 1446 1506 1486 speres
1530 1439 1642 1485 pote.

380 1502 479 1542 Non
505 1502 625 1550 ferat,
647 1503 680 1542 si
704 1502 908 1542 dominus
932 1502 1113 1542 ueniat?
1186 1501 1270 1542 GR.
1307 1502 1524 1541 Dominus
1557 1501 1668 1549 huic,

1170 1585 1224 1610 ne
1248 1571 1405 1610 frustra
1428 1571 1497 1618 sis,

377 1640 469 1679 Nisi
494 1653 576 1692 ego
600 1653 730 1679 nemo
753 1646 914 1688 natust,
936 1639 1051 1679 hunc
1074 1639 1146 1692 qui
1171 1640 1264 1692 cepi
1290 1640 1330 1678 iu
1355 1646 1517 1679 uenatu
1543 1652 1651 1679 meo.

381 1709 504 1748 Itane
537 1713 671 1748 uero?
753 1707 836 1748 GR.
885 1708 1081 1761 Ecquem
1115 1722 1209 1748 esse
1241 1708 1359 1748 dices
1384 1708 1423 1747 in
1450 1708 1556 1747 mari
1583 1708 1668 1760 pis-

1214 1790 1308 1817 cem
1334 1790 1479 1816 meum
1498 1781 1514 1816 ?
1723 1791 1782 1823 971

377 1846 500 1899 Quos
523 1860 656 1899 quom
690 1847 828 1898 capio,
850 1847 883 1885 si
907 1846 1085 1898 quidem
1119 1847 1227 1898 cepi,
1251 1847 1334 1886 mei
1368 1853 1494 1886 sunt:
1528 1845 1670 1885 habeo

1278 1928 1356 1967 pro
1379 1914 1497 1954 meis.

379 1985 469 2023 Nec
495 1998 625 2023 manu
650 1984 910 2024 adseruntur
933 1997 1074 2037 neque
1098 1983 1216 2023 illinc
1241 1990 1410 2036 partem
1434 1983 1667 2036 quisquam

774 2083 779 2088 .
1292 2052 1496 2105 postulat.

383 2122 427 2160 In
455 2121 546 2161 foro
570 2121 714 2174 palam
738 2122 881 2161 omnis
904 2122 1050 2161 uendo
1083 2135 1161 2174 pro
1185 2122 1292 2161 meis
1315 2121 1553 2161 uenarbus.

379 2191 502 2230 'Marc
534 2191 711 2243 quidem
735 2204 969 2230 commune
992 2197 1152 2231 certost
1179 2135 1539 2298 omnibussTR.
1576 2189 1667 2229 Ad-

1342 2273 1360 2298 s
1405 2259 1493 2298 itio.
1723 2273 1786 2306 975

383 2328 468 2381 Qui
495 2329 637 2367 minus
669 2328 784 2368 hunc
808 2341 1088 2368 communem
1113 2341 1277 2381 quaeso
1300 2328 1404 2367 mihi
1428 2341 1522 2367 esse
1543 2341 1670 2379 opor-

1178 2403 1241 2436 tet
1266 2396 1462 2436 uidulum
1484 2400 1500 2435 ?

388 2466 432 2505 In
460 2466 565 2505 mari
592 2466 815 2505 inuentust
839 2466 1072 2505 communi.
1136 2465 1219 2506 GR.
1257 2465 1373 2505 Abin
1409 2465 1672 2517 inpudenter

1253 2534 1469 2586 inpudens
1492 2549 1498 2574 :

382 2603 494 2643 Nam
520 2604 551 2642 si
588 2604 696 2643 istuc
722 2604 786 2643 ius
818 2604 872 2643 sit
906 2604 1024 2656 quod
1060 2616 1288 2650 memora&
1313 2603 1550 2655 piscatores
1576 2616 1668 2655 per-

1361 2672 1497 2711 ierint.
