2111 3158
217 475 301 516 ΤΚ.

217 682 300 722 ΤΚ.

217 957 303 999 GR.

219 1097 304 1138 GR.

220 1303 304 1345 GR.

276 1397 302 1413 x.
339 1373 439 1412 Non
464 1371 649 1424 probare
672 1370 957 1423 pernegando
981 1369 1084 1409 mihi
1110 1376 1246 1422 potes,
1269 1370 1350 1409 nisi
1379 1383 1478 1422 pars
1501 1371 1631 1410 datur

222 1511 307 1553 GR.

222 1649 306 1690 GR.

224 2202 308 2243 GR.

225 2408 310 2450 GR.

225 2546 308 2586 ΤΚ.

773 163 1187 194 PLAVTIRVDEN&

334 268 450 307 Vide
473 267 542 315 sis,
559 266 716 318 quoius
737 265 948 305 arbitratu
973 264 1112 304 facere
1135 279 1214 305 nos
1236 265 1312 305 uis.
1366 265 1449 306 GR.
1474 266 1625 306 Viduli

335 336 564 376 Arbitratu
598 335 658 375 ita
691 333 747 374 fit.
830 334 912 373 ΤΚ.
950 334 1190 374 Enimuero
1211 335 1370 374 stultus
1402 348 1459 375 es.
1541 334 1625 376 GR.

1112 403 1257 452 Salue‚
1279 403 1452 443 Thales.

336 475 403 514 Tu
428 475 570 514 istunc
602 473 732 512 hodie
760 485 845 511 non
883 471 1003 519 feres,
1027 472 1106 511 nisi
1139 472 1218 512 das
1251 479 1526 524 sequestrum
1552 479 1627 512 aut

1230 541 1453 589 arbitrum,

335 611 504 665 Quoius
523 611 629 650 haec
647 623 712 649 res
730 609 941 649 arbitratu
963 608 1048 649 fiat.
1097 608 1180 649 GR.
1206 609 1386 662 Quaeso
1399 623 1537 649 sanun
1558 614 1627 650 es?

338 680 620 721 Elleborosus
653 692 760 718 sum.
825 677 908 718 GR.
944 677 1006 718 At
1038 691 1121 730 ego
1153 679 1359 718 cerritus:
1392 679 1506 718 hunc
1540 692 1625 719 non

334 818 414 858 Vis
450 821 676 870 pugnare?
757 815 841 856 TR.
889 814 1006 868 Quid
1047 819 1212 867 opust?
1257 816 1361 868 quin
1400 823 1445 856 tu
1483 816 1628 868 potius

1064 885 1273 937 praedam
1297 885 1471 934 diuide„

340 956 468 996 Abeo
491 969 574 1008 ego
596 955 708 994 hinc.
771 954 854 993 TR.
890 953 952 993 At
975 966 1058 1005 ego
1081 953 1180 992 hinc
1204 952 1423 993 offlectam
1458 967 1629 1003 nauem,

928 1035 982 1061 ne
1014 1035 1102 1075 quo
1124 1022 1282 1062 abeas:
1316 1035 1455 1062 mane.

340 1097 384 1138 Si
410 1103 454 1136 tu
480 1101 656 1149 proreta
679 1094 747 1134 isti
773 1093 920 1142 naui'S,
944 1107 1027 1146 ego
1049 1093 1318 1146 gubernator
1339 1107 1423 1134 ero.

337 1165 468 1205 Mitte
510 1164 754 1211 rudentem,
797 1162 990 1202 sceleste.
1073 1161 1156 1202 TR.
1213 1162 1392 1203 Mittam
1415 1178 1423 1203 τ
1474 1163 1631 1203 omitte

1245 1231 1468 1272 uidulumj

342 1303 596 1355 Numquam
616 1301 760 1341 hercle
776 1300 876 1340 hinc
895 1300 1027 1340 hodie
1050 1307 1248 1340 ramenta
1267 1299 1342 1339 fies
1358 1300 1629 1341 fortunatior.

340 1441 433 1481 Aut
455 1441 510 1481 ad
534 1439 744 1480 arbitrum
769 1439 933 1479 reditur
955 1445 1030 1478 aut
1053 1446 1280 1491 sequestro
1303 1439 1489 1491 ponitur.

341 1509 546 1563 Quemne
583 1522 666 1562 ego
699 1508 855 1561 excepi
891 1508 931 1547 in
970 1508 1076 1547 mari
1221 1508 1303 1547 TR.
1351 1507 1412 1548 At
1449 1521 1532 1561 ego
1570 1508 1632 1548 in-

1057 1577 1252 1629 spectaui
1277 1591 1300 1616 e
1323 1576 1457 1617 litore.

343 1648 445 1688 Mea
477 1661 610 1700 opera
642 1646 790 1686 labore
822 1652 865 1686 et
898 1652 993 1699 rete¹
1019 1651 1062 1685 et
1104 1645 1236 1685 horia.
1301 1645 1394 1685 TR.
1435 1645 1631 1698 Numqui

1306 1715 1460 1765 minus,

341 1789 387 1830 Si
412 1788 560 1828 ueniat
584 1800 699 1826 nunc
721 1786 928 1826 dominus
955 1785 1144 1838 quoiust,
1167 1798 1251 1838 ego
1282 1786 1356 1836 qui
1391 1785 1634 1838 inspectaui

1310 1853 1460 1906 procul

341 1925 406 1965 Te
438 1927 553 1964 hunc
586 1923 758 1972 habere,
791 1922 858 1962 fur
891 1935 987 1962 sum
1026 1935 1158 1974 quam
1197 1926 1276 1962 tu?
1343 1921 1427 1962 GR.
1474 1922 1632 1962 Nihilo.

942 1990 1026 2031 ΤΚ.
1061 1991 1206 2040 Mane,
1231 1987 1460 2043 mastigia:

341 2062 444 2116 Quo
466 2068 729 2115 argumento
751 2061 893 2100 socius
918 2073 1003 2100 non
1037 2073 1134 2100 sum
1161 2066 1204 2100 et
1238 2059 1305 2099 fur
1326 2073 1435 2108 sum,
1459 2059 1634 2100 facdum

1170 2142 1227 2168 ex
1251 2135 1294 2168 te
1315 2129 1460 2168 sciam.

346 2201 505 2241 Nescio
526 2215 533 2240 ε
567 2212 708 2252 neque
730 2212 813 2251 ego
846 2199 950 2238 istas
974 2205 1144 2238 uostras
1177 2198 1295 2250 leges
1323 2197 1511 2237 urbanas
1533 2197 1635 2246 scio,

344 2270 437 2310 Nisi
470 2269 573 2322 quia
604 2269 720 2308 hunc
754 2281 899 2308 meum
925 2281 1019 2307 esse
1041 2268 1150 2307 dico.
1214 2266 1297 2306 ΤΚ.
1334 2267 1391 2307 Et
1424 2280 1506 2320 ego
1530 2267 1633 2307 item

1094 2349 1188 2376 esse
1210 2336 1280 2375 aio
1303 2349 1460 2375 meum.

346 2408 498 2448 Mane:
547 2420 636 2446 rem
671 2406 838 2459 repperi
877 2419 966 2458 quo
999 2412 1129 2458 pacto
1163 2418 1241 2444 nec
1279 2404 1348 2444 fur
1380 2418 1460 2444 nec
1492 2404 1634 2444 socius

1365 2474 1458 2513 sies.

343 2545 445 2598 Quo
478 2548 641 2597 pacto?
704 2543 787 2584 GR.
823 2543 928 2584 Sine
952 2556 1020 2582 me
1053 2543 1154 2582 hinc
1186 2542 1332 2582 abire:
1365 2549 1411 2582 tu
1435 2542 1504 2582 abi
1530 2542 1635 2582 taci-

1095 2618 1164 2652 tus
1187 2618 1307 2652 tuam
1332 2611 1462 2657 uiam,

1666 1247 1745 1281 ¹0¹5

1669 1727 1751 1755 1020

1671 2350 1750 2384 ¹0²5
