2111 3158
222 275 269 304 12
774 274 945 304 PLAVTI
981 274 1186 305 RVDENS.

394 374 485 414 Aut
503 375 646 414 aulam
667 382 864 414 extarem
890 382 966 414 aut
988 375 1318 428 aliquid—quid
1338 376 1480 416 uerbis
1496 381 1650 428 opust?

392 443 552 482 Veneri
578 444 726 495 paraui
752 457 856 482 uasa
879 450 921 482 et
946 451 1138 495 puteum,
1161 457 1246 484 non
1273 445 1388 484 mihi.
1680 453 1739 492 136

394 511 521 551 Nunc
545 512 820 551 interuallum
847 512 931 551 iam
956 512 1035 550 hos
1057 512 1150 552 dies
1174 513 1335 552 multos
1360 513 1449 553 fuit.

249 582 321 621 PL.
391 582 452 621 Vt
477 582 608 621 uerba
632 581 872 633 praehibeS,
896 595 965 620 me
988 582 1166 633 periisse
1189 583 1424 634 praedicas.
1577 604 1589 621 e

250 650 368 690 ΒΑΕ.
391 650 492 689 Mea
515 651 692 702 quidem
719 650 861 689 hercle
884 663 1015 689 causa
1037 650 1183 689 saluos
1205 651 1263 690 sis
1287 651 1398 690 licet.
1447 629 1648 726 affl

394 719 596 758 Fortasse
619 726 664 758 tu
689 718 772 757 huc
795 725 977 757 uocatus
999 732 1044 757 es
1067 719 1120 758 ad
1146 701 1428 771 prandium7

397 787 473 826 Ille
495 788 567 838 qui
593 787 780 833 uocauit,
803 787 946 826 nullus
969 787 1124 826 uenit?
1188 787 1260 827 PL.
1297 788 1368 827 Ad
1395 789 1586 829 modum.

252 856 324 897 SC.
397 856 621 895 Nullumst
645 855 853 908 periclum
882 863 923 895 te
946 856 1046 894 hinc
1070 856 1129 895 ire
1153 856 1408 908 inpransum
1431 858 1685 936 domffis,

251 925 323 964 PL.
394 923 707 964 Deludificauit
732 937 800 963 me
824 924 894 963 ille
916 924 1050 963 homo
1074 925 1264 977 indignis
1289 902 1505 965 modi?52

251 994 369 1033 ΒΑΕ.
394 994 475 1033 Pro
497 994 540 1033 di
565 993 830 1041 inmortales,
852 994 955 1045 quid
982 993 1082 1032 illuc
1105 1001 1182 1041 est,
1207 993 1458 1046 Sceparnio,

398 1062 642 1102 Hominum
667 1062 908 1102 secundum
935 1062 1066 1101 litus?
1094 1081 1100 1116 ι
1128 1062 1190 1102 Vt
1214 1076 1310 1102 mea
1327 1063 1624 1141 opiniosffilm

396 1131 631 1172 Confracta
654 1131 778 1170 nauis
802 1132 841 1170 in
868 1131 1018 1170 marist
1043 1131 1134 1170 illis.
1174 1121 1271 1171 ‘Sc
1311 1105 1473 1172 nasi?

398 1200 459 1239 At
482 1200 625 1239 hercle
649 1199 774 1239 nobis
799 1199 901 1239 uilla
925 1200 965 1238 in
991 1206 1105 1239 terra
1127 1206 1170 1239 et
1194 1199 1377 1252 tegulae.

252 1269 372 1309 DAE.
396 1269 497 1308 Hui.
1493 1261 1497 1264 i
1686 1285 1743 1319 ¹55

400 1337 669 1377 Homunculi
693 1338 844 1390 quanti
869 1337 998 1377 estis:
1031 1337 1156 1377 eiecti
1182 1345 1228 1377 ut
1252 1344 1417 1378 natant.

254 1408 326 1448 PL.
392 1407 479 1446 Vbi
514 1414 615 1446 sunt
648 1406 860 1454 homines,
883 1411 1097 1459 opsecro?
1161 1406 1280 1446 ΒΑΕ.
1319 1406 1417 1445 Hac
1441 1407 1495 1447 ad
1520 1407 1630 1447 dex-

1293 1471 1454 1504 teram:

398 1522 542 1562 Viden
567 1523 808 1562 secundum
835 1522 966 1561 litus?
1031 1522 1103 1561 PL.
1130 1521 1299 1561 Video:
1331 1523 1575 1574 sequimini.

399 1592 581 1631 Vtinam
607 1591 640 1630 is
663 1591 718 1630 sit
741 1604 871 1643 quem
896 1604 979 1643 ego
1001 1604 1176 1643 quaem,
1199 1591 1263 1630 uir
1285 1604 1567 1631 sacerrumus.

400 1661 568 1700 Valete.
632 1660 703 1701 SC.
738 1659 784 1701 Si
809 1673 894 1699 non
921 1673 1112 1708 moneaS,
1136 1666 1308 1699 nosmet
1341 1661 1632 1700 meminimus

281 1722 350 1816 γ’γ’)
396 1729 489 1769 sed
513 1743 538 1768 o
565 1730 814 1777 Palaemon,
836 1736 987 1769 sancte
1012 1729 1207 1781 Neptuni
1231 1742 1390 1777 comcs
1692 1737 1751 1768 160

251 1802 274 1837 N
401 1798 532 1851 Quod
558 1798 725 1838 facinus
748 1795 908 1839 uideo?
963 1798 1080 1838 ΒΑΕ.
1106 1796 1225 1850 Quid
1249 1798 1404 1894 uides?
1457 1797 1530 1839 SC.
1556 1797 1653 1838 Mu-

1281 1855 1463 1895 ierculas

401 1915 546 1954 Video
568 1915 761 1954 sedentis
785 1915 825 1953 in
850 1914 1013 1966 scapha
1036 1913 1150 1953 solas
1173 1914 1292 1953 duas.

402 1984 463 2023 Vt
487 1983 767 2024 adflictantur
790 1984 982 2023 miserae.
1015 1996 1138 2034 euge,
1160 1996 1282 2035 euge,
1305 1983 1506 2035 perbene,

404 2053 477 2093 Ab
499 2067 610 2093 saxo
633 2053 794 2092 auortit
817 2051 973 2092 fluctus
997 2052 1050 2092 ad
1075 2051 1175 2091 litus
1199 2051 1419 2104 scapham.
1693 2059 1751 2099 165

405 2122 559 2174 Neque
582 2122 850 2174 gubernator
872 2135 1081 2174 umquam
1107 2121 1250 2173 potuit
1275 2121 1442 2160 rectius

406 2191 505 2231 Non
531 2192 692 2231 uidisse
715 2191 856 2230 undas
881 2204 949 2229 me
979 2191 1164 2229 maiores
1187 2203 1354 2229 censeo.

403 2261 562 2302 saluae
585 2268 698 2305 sunt,
721 2261 754 2299 si
780 2260 875 2299 illos
899 2259 1054 2299 fluctus
1077 2259 1381 2299 deuitauerint.

342 2356 346 2359 -
406 2330 533 2369 Nunc
559 2343 671 2368 nunc
696 2329 974 2381 periclumst:
1008 2329 1127 2368 unda
1149 2328 1275 2367 eiecit
1297 2327 1490 2367 alteram.

380 2399 467 2465 <M
491 2399 531 2438 in
557 2399 715 2438 uadost
735 2414 741 2437 :
775 2398 860 2437 iam
886 2397 1010 2436 facile
1033 2397 1191 2436 enabit.
1225 2409 1421 2448 eugepae
1442 2412 1448 2435 :
1472 2433 1490 2443 ,

369 2468 604 2511 uSurrexit
627 2483 633 2507 :
669 2467 844 2506 horsum
870 2480 914 2506 se
937 2466 1137 2516 capessit,
1160 2465 1281 2505 salua
1304 2478 1370 2504 res
1392 2481 1398 2504 :
1695 2479 1752 2513 175

407 2536 610 2576 Desuluit
633 2537 739 2575 haec
763 2543 907 2575 autem
934 2535 1070 2574 altera
1093 2535 1146 2573 ad
1177 2541 1335 2573 terram
1360 2546 1383 2572 e
1405 2533 1578 2586 scapha.

405 2606 467 2646 Vt
491 2619 592 2658 prae
616 2605 772 2644 timore
797 2605 835 2643 in
864 2617 1008 2656 genua
1032 2604 1072 2642 in
1099 2603 1239 2642 undas
1262 2603 1463 2642 concidit.

406 2675 607 2715 Saluast:
637 2674 775 2718 evasit
798 2686 854 2712 ex
879 2686 992 2725 aqua
1014 2688 1020 2712 :
1054 2673 1138 2711 iam
1165 2672 1204 2710 in
1231 2672 1406 2711 litorest.

407 2745 492 2785 Sed
518 2744 857 2783 dextrouorsum
883 2747 1038 2782 adorsa
1062 2741 1092 2780 it
1116 2741 1156 2780 in
1183 2740 1343 2780 malam
1367 2753 1550 2780 crucem.

411 2813 540 2859 Hem,

411 2882 583 2921 lirrabit
609 2881 730 2920 illaec
749 2880 889 2920 hodie.
946 2879 1063 2919 ΒΑΕ.
1087 2878 1205 2931 Quid
1231 2879 1271 2919 id
1293 2877 1419 2918 refert
1438 2881 1537 2917 tua?
