2111 3158
255 180 307 218 88

258 291 332 330 ΡΑ.

257 426 375 466 ΒΑΕ.

258 563 332 602 ΡΑ.

258 838 332 877 l'A.

256 1457 376 1497 ΒΑΕ.

256 1593 339 1634 TR.

260 1732 378 1772 DAE.

258 1802 332 1842 ΡΑ.

257 1941 373 1981 DAE.

261 2492 332 2530 ΙἈ.

812 189 983 220 FLAVTI
1021 189 1226 220 RVDENS.

404 291 474 330 Ius
493 291 655 330 bonum
672 304 780 331 oras,
843 291 926 332 GR.
964 292 1132 344 Edepol
1151 292 1266 332 haud
1284 300 1398 332 recte
1416 299 1511 332 orat
1530 308 1536 332 :
1557 306 1657 332 nam

1211 368 1256 400 tu
1282 361 1482 400 iniuriu’s.

401 426 600 479 Loquere
631 428 849 474 nunciam,
872 428 1026 480 puella.
1080 427 1224 480 Gripe,
1247 430 1442 468 animum
1477 429 1659 469 aduorte

1306 511 1355 536 ac
1378 504 1483 537 tace.

401 563 514 604 Sunt
537 564 784 616 crepundia.
860 564 974 603 ΒΑΕ.
1012 565 1127 604 Ecca
1151 565 1289 605 uideo.
1363 565 1445 605 GR.
1484 566 1590 605 Perii
1617 567 1657 605 in

1133 634 1275 686 primo
1299 635 1486 686 proelio:

402 700 559 740 Mane:
593 714 646 740 ne
678 701 931 740 ostenderis¹
998 701 1115 741 ΒΑΕ.
1158 701 1258 754 Qua
1292 702 1400 742 facie
1432 707 1564 742 sunt?
1597 716 1658 742 re-

1052 771 1221 822 sponde
1242 784 1298 810 ex
1323 772 1485 812 ordine.

403 837 654 878 Ensiculust
677 839 877 878 aureolus
909 839 1097 891 primum
1123 839 1349 879 litteratus.
1427 841 1544 880 DAE.
1581 840 1658 880 Di-

1317 909 1486 957 cedum,
1544 930 1547 931 ⁷

403 975 450 1014 ln
495 989 547 1015 eo
588 976 782 1015 ensiculo
825 976 1064 1016 litterarum
1110 977 1213 1029 quid
1258 981 1357 1016 est?
1442 978 1515 1017 ΡΑ.
1571 978 1658 1018 Mei

1156 1059 1315 1085 nomen
1341 1047 1485 1098 patris.

401 1113 504 1152 Post
528 1113 804 1154 altrinsecust
828 1114 1066 1153 securicula
1091 1114 1281 1166 ancipes,
1306 1115 1455 1154 itidem
1480 1129 1622 1165 aurea,

401 1181 641 1221 Litterata:
674 1182 730 1222 ibi
756 1183 906 1222 matris
930 1196 1088 1222 nomen
1115 1184 1155 1222 in
1181 1184 1471 1223 securiculast.

1174 1252 1291 1291 ΒΑΕ.
1329 1250 1487 1292 Mane}

401 1319 483 1358 Dic
517 1320 557 1358 in
592 1320 786 1359 ensiculo
818 1320 922 1372 quid
963 1334 1121 1360 nornen
1157 1328 1221 1360 est
1258 1325 1520 1373 paternum?
1620 1332 1658 1361 Α.

1224 1322 1614 1498 Daemones

401 1457 456 1496 Di
483 1457 749 1506 inmortales,
773 1457 844 1498 ubi
870 1458 950 1497 loci
974 1465 1075 1498 sunt
1102 1472 1202 1511 spes
1226 1463 1380 1498 meae?
1472 1469 1536 1499 JK.
1575 1459 1660 1498 Im-

1056 1541 1127 1566 mo
1149 1527 1304 1579 edepol
1331 1531 1487 1567 meae?

407 1595 591 1646 Pergste,
633 1608 826 1647 opsecr0‚
869 1595 1088 1634 continuo.
1152 1595 1235 1635 GR.
1283 1596 1469 1643 Placide,
1501 1603 1576 1636 aut
1618 1596 1658 1635 in

1117 1664 1278 1703 malam
1302 1678 1485 1704 crucem.

405 1733 607 1785 Loquere
631 1733 782 1772 matris
805 1735 965 1772 nornen
991 1733 1059 1772 hic
1082 1733 1186 1785 quid
1213 1733 1252 1772 in
1278 1733 1518 1772 securicula
1539 1733 1630 1773 siet.

402 1801 621 1841 Daedalis.
678 1802 796 1841 ΒΑΕ.
824 1801 879 1841 Di
905 1815 974 1841 me
996 1809 1217 1842 seruatum
1242 1803 1434 1854 cupiunt.
1489 1802 1571 1842 GR.
1599 1802 1660 1842 At

1162 1885 1231 1912 me
1255 1873 1485 1925 perditum.

400 1941 555 1981 Filiam
590 1954 732 1981 meam
767 1955 860 1981 esse
893 1941 1004 1981 hanc
1037 1948 1222 1994 oportet,
1255 1941 1399 1994 Gripe.
1475 1941 1558 1981 GR.
1594 1941 1661 1982 Sit

1107 2023 1183 2062 per
1206 2023 1275 2049 me
1297 2011 1485 2062 quidem.

400 2078 486 2131 Qui
511 2086 553 2119 te
570 2079 613 2118 di
637 2092 790 2119 omnes
814 2079 1011 2132 perdant,
1026 2079 1098 2131 qui
1124 2092 1193 2118 me
1211 2079 1342 2119 hodie
1359 2079 1495 2118 oculis
1514 2078 1660 2118 uidisti

1391 2148 1488 2194 tuis,

401 2216 563 2269 Meque
597 2217 708 2256 adeo
742 2217 987 2265 scelestum,
1010 2217 1082 2269 qui
1117 2230 1202 2256 non
1237 2217 1528 2269 circumspexi
1563 2230 1660 2256 cen-

1377 2286 1488 2325 tiens

403 2355 536 2403 Prius,
560 2367 628 2394 me
653 2355 805 2406 nequis
829 2354 1104 2406 inspectaret,
1127 2367 1258 2406 quam
1292 2361 1380 2394 rete
1403 2355 1579 2394 extraxi
1604 2367 1659 2393 ex

1364 2436 1488 2475 aqua.

405 2475 577 2569 Post&
596 2490 804 2530 sicilicula
827 2491 1080 2543 argenteola
1103 2497 1145 2530 et
1168 2491 1280 2530 duae
1303 2504 1501 2530 conexae
1525 2491 1661 2530 mani-

1295 2559 1418 2598 culae
1448 2566 1490 2599 et

401 2629 572 2669 Sucula.
627 2629 708 2669 GR.
746 2629 862 2681 Quin
888 2636 932 2668 tu
958 2629 966 2667 i
991 2629 1182 2668 dierecta
1205 2642 1302 2668 cum
1327 2628 1476 2668 sucula
1499 2635 1541 2667 et
1564 2641 1662 2668 cum

1293 2697 1491 2749 porculis.

1696 787 1774 820 ¹155

1698 1200 1705 1222 Ι
1721 1201 1726 1221 1
1736 1192 1778 1222 (30

1697 2018 1776 2058 1163

1703 2712 1783 2743 ¹¹70
