2111 3158
263 196 316 235 24
816 196 987 226 PLAYTI
1024 196 1228 226 RVDENS.

873 556 1077 597 ACTVS
1115 557 1168 596 11.

870 688 1181 727 PlscAToREs.

1679 746 1718 786 11
1764 759 1774 786 1

262 800 483 842 Omnibus
507 802 648 842 modis
666 802 738 854 qui
759 815 971 854 pauperes
993 809 1095 842 sunt
1117 802 1318 842 homines
1338 803 1480 843 miseri
1498 804 1662 851 uiuont,
1721 821 1784 843 200

267 870 523 910 Praesertim
556 871 714 923 quibus
748 884 826 910 nec
858 878 1066 923 quaestus
1098 879 1162 911 est
1196 885 1274 911 nec
1307 871 1498 911 didicere
1527 879 1665 912 artem

1317 940 1492 980 nullam.

265 1007 538 1048 Necessitate
560 1009 766 1061 quicquid
791 1016 856 1048 est
879 1009 998 1048 domi
1023 1009 1064 1048 id
1089 1016 1156 1048 sat
1184 1016 1249 1048 est
1272 1009 1536 1049 habendum.

265 1077 358 1116 Nos
376 1077 460 1117 iam
481 1079 535 1117 de
552 1085 707 1118 ornatu
727 1079 1114 1131 propemodum'ut
1138 1078 1376 1130 locupletes
1394 1079 1529 1118 simus
1547 1079 1676 1119 scitis.

266 1145 400 1185 Hisce
422 1147 540 1186 hami
563 1154 694 1199 atque
717 1147 824 1187 haec
847 1147 1113 1187 harundines
1137 1154 1239 1187 sunt
1270 1147 1394 1187 nobis
1418 1155 1601 1200 quaestu
1625 1156 1667 1189 et

1363 1217 1494 1273 cultu,

1597 1258 1605 1282 l

262 1283 436 1324 Cotidie
458 1298 515 1324 ex
540 1285 646 1324 urbe
668 1285 722 1324 ad
748 1298 867 1324 mare
889 1285 973 1324 huc
997 1285 1224 1337 prodimus
1248 1285 1518 1338 pabulatum.
1722 1271 1797 1336 295¹

265 1353 347 1392 Pro
368 1353 564 1393 exercitu
588 1354 867 1406 gymnastico
889 1362 931 1393 et
955 1354 1214 1406 palaestrico
1237 1354 1318 1393 hoc
1342 1354 1555 1394 habemus
1574 1370 1581 1394 :

263 1421 469 1469 Echinos,
493 1422 686 1474 lopadas,
709 1429 886 1471 ostreas,
909 1422 1091 1481 balanos
1114 1423 1346 1474 agitamus,
1368 1423 1569 1472 conchas,

264 1490 481 1530 Marinam
506 1492 701 1539 urticam,
726 1491 958 1540 musculos,
981 1492 1198 1544 placusias
1221 1492 1407 1531 striatas

265 1559 412 1599 Postid
437 1560 652 1612 piscatum
677 1560 933 1600 hamatilem
958 1567 1001 1600 et
1023 1560 1257 1600 saxatilem
1283 1561 1577 1613 adgredimur,

261 1627 420 1668 Cibum
443 1636 674 1681 captamus
697 1643 719 1669 e
743 1631 860 1669 mari.
895 1630 927 1668 si
952 1636 1137 1669 euentus
1161 1643 1246 1669 non
1271 1631 1419 1669 euenit
1722 1647 1785 1678 300

263 1697 419 1749 Neque
440 1699 675 1750 quicquam
699 1705 921 1751 captumst
944 1699 1141 1750 piscium,
1164 1699 1264 1738 salsi
1290 1699 1483 1751 lautique
1507 1713 1612 1751 pure

263 1765 458 1806 Domum
483 1768 673 1807 redimus
697 1767 956 1815 clanculum,
979 1768 1222 1807 dormimus
1246 1768 1445 1808 incenati.

263 1835 413 1888 Atque
435 1842 483 1876 ut
506 1849 620 1876 nunc
643 1837 788 1876 ualide
811 1836 993 1876 fluctuat
1017 1850 1147 1885 mare,
1166 1836 1285 1876 nulla
1309 1836 1433 1876 nobis
1456 1851 1556 1890 spes
1577 1844 1668 1878 est:

265 1904 358 1944 Nisi
381 1905 484 1957 quid
509 1906 773 1945 concharum
798 1907 1030 1958 capsimus,
1053 1907 1193 1945 cenati
1218 1919 1369 1946 sumus
1393 1906 1599 1958 profecto.

265 1973 393 2013 Nunc
426 1974 643 2014 Venerem
679 1975 791 2014 hanc
824 1988 1083 2015 ueneremur
1115 1975 1290 2024 bonam,
1323 1982 1370 2015 ut
1408 1989 1486 2015 nos
1525 1975 1668 2028 lepide

1149 2044 1334 2084 adiuerit
1358 2043 1498 2084 hodie.
1722 2061 1782 2094 305

653 2214 959 2255 T1<ACJ1A111o
1082 2215 1392 2256 PlscATomcs.

263 2327 345 2367 ΤΗ.
384 2328 594 2368 Animum
619 2329 852 2369 aduorsaui
886 2329 1050 2379 sedulo,
1074 2343 1127 2370 ne
1150 2344 1270 2383 erum
1305 2344 1489 2383 usquam
1521 2344 1642 2383 prae-
1681 2331 1719 2371 ll
1761 2342 1782 2370 2

1295 2400 1467 2439 terirem
1488 2415 1494 2439 :

381 2466 494 2505 Nam
515 2480 647 2519 quom
669 2467 802 2506 modo
819 2467 971 2507 exibat
990 2467 1115 2516 foras,
1130 2469 1183 2508 ad
1204 2476 1379 2520 portum
1399 2482 1444 2508 se
1460 2468 1578 2509 aibat
1598 2469 1675 2509 ire:

380 2535 454 2574 Me
477 2535 560 2575 huc
583 2536 759 2575 obuiam
785 2537 907 2576 iussit
931 2537 1010 2576 sibi
1036 2537 1184 2577 uenire
1207 2538 1262 2577 ad
1288 2537 1472 2577 Veneris
1495 2537 1656 2578 sanum.

379 2604 465 2645 Sed
505 2618 614 2657 quos
653 2612 881 2657 perconter
913 2606 1145 2645 commode
1180 2619 1305 2646 eccos
1340 2606 1468 2646 uideo
1501 2613 1669 2646 astare:

1354 2675 1407 2715 ad
1415 2675 1423 2714 i
1431 2675 1495 2715 bo.
