2111 3158
222 428 258 467 'l'
268 438 290 467 Ι(

222 633 304 672 Tu.

778 192 951 223 PLAVTI
986 192 1191 223 RVDENS.

339 291 443 331 Vox
468 291 525 331 mi
549 291 808 331 aduolauit?
862 291 955 331 AM.
981 290 1300 343 Obsecro‚quis
1323 290 1392 329 hic
1410 290 1602 342 loquitur

1029 373 1159 412 quem
1184 372 1267 411 ego
1289 359 1449 398 uideo?

340 428 477 468 Estne
517 428 771 480 Ampelisca
808 428 926 476 haec,
959 441 1071 480 quae
1109 427 1222 467 foras
1257 441 1279 466 e
1317 426 1420 466 fano
1456 425 1625 479 egredi-

933 501 1032 536 tur?
1094 496 1188 535 ΑΜ.
1224 496 1363 535 Estne
1384 495 1453 534 hic

337 564 581 613 Trachalio,
604 578 733 617 quem
758 565 998 616 conspicor,
1020 565 1185 604 calator
1210 564 1479 616 Plesidippi?

340 633 458 673 East.
536 632 630 672 AM.
677 633 718 672 Is
750 640 841 673 est:
874 632 1118 681 Trachalio,
1150 633 1279 672 salue.
1358 632 1442 672 TR.
1482 631 1625 679 Salue,

834 747 838 753 ,
1173 701 1452 753 Ampelisca:

338 769 455 822 Quid
475 777 519 810 tu
536 770 653 821 agis?
703 769 795 809 AM.
822 769 1028 809 Aetatem
1048 770 1164 809 haud
1185 769 1346 809 malam
1366 769 1489 809 male.
1538 768 1621 808 ΤΚ.

784 815 825 857 Λ
1066 838 1224 877 Melius
1246 839 1451 877 ominare.

225 907 259 946 A
272 917 316 946 M.
336 898 501 946 Verum
525 907 668 946 omnis
690 907 901 959 sapientis
923 906 1049 946 decet
1071 906 1266 962 cherre
1284 913 1331 959 et
1354 906 1547 958 fabulari.

221 1248 302 1287 Ὑκ.

219 1523 302 1562 TR.

219 1660 302 1700 Tm.

219 1935 255 1974 '1'
267 1946 302 1974 κ.

147 2059 154 2066 ’
219 2072 300 2111 Ἕκ.

218 2414 263 2455 Τι

219 2552 255 2590 ,s

337 975 424 1016 Sed
446 975 721 1027 Plesidippus
740 981 838 1014 tuos
855 988 952 1014 erus
968 975 1040 1014 ubi
1064 975 1236 1024 amabo,
1251 979 1347 1015 est?
1376 965 1497 1014 *TRT
1510 975 1625 1033 Heia

1336 1057 1451 1093 uero,

337 1110 473 1163 Quasi
499 1125 583 1150 non
608 1112 663 1151 sit
688 1112 814 1151 intus.
884 1111 977 1150 AM.
1013 1111 1170 1164 Neque
1193 1112 1265 1164 pol
1288 1119 1354 1152 est
1377 1125 1518 1165 neque
1541 1112 1624 1152 huc

802 1178 806 1181 Α
989 1180 1166 1232 quidem
1192 1180 1304 1220 ullus
1326 1181 1457 1220 ue'nit.

340 1248 438 1288 Non
474 1248 627 1288 uenit?
705 1248 798 1287 ΑΜ.
833 1248 951 1288 Vera
989 1249 1225 1300 praedicas
1298 1248 1380 1288 TR.
1426 1249 1526 1289 Non
1559 1256 1625 1289 est

1003 1331 1161 1365 meum,
1186 1317 1450 1370 Ampelisca.

337 1385 424 1425 Sed
458 1398 590 1437 quam
626 1399 731 1424 mox
765 1392 982 1425 coctumst
1015 1386 1280 1438 prandium?
1358 1386 1452 1426 ΑΜ.
1492 1384 1659 1453 QuodN

1566 1447 1647 1470 (Ἀφ’)

903 1454 1150 1506 prandium,
1171 1454 1354 1494 obsecro
1375 1458 1452 1494 te?
1478 1484 1488 1495 -,
1518 1463 1590 1503 ⁰520

338 1523 510 1575 Nempe
543 1536 631 1562 rem
665 1523 861 1562 diuinam
897 1522 1037 1562 facitis
1069 1523 1166 1562 hic?
1228 1523 1322 1563 AM.
1358 1523 1477 1576 Quid
1510 1537 1624 1564 som-

1134 1592 1239 1640 nias,
1261 1592 1453 1636 amaho?

337 1660 464 1701 Certe
483 1660 565 1700 huc
587 1659 764 1699 Labrax
784 1660 837 1700 ad
858 1661 1090 1713 prandium
1115 1662 1291 1701 uocauit
1312 1661 1625 1714 Plesidippum,

336 1729 471 1768 Erum
507 1742 652 1768 meum
685 1735 970 1788 erQthe1·.
1037 1729 1129 1774 AM.
1162 1729 1237 1787 Fol
1276 1730 1391 1770 haud
1426 1730 1626 1771 miranda

1188 1795 1304 1838 facta
1325 1799 1433 1839 dicis
1451 1815 1458 1839 :

335 1866 381 1907 Si
404 1867 510 1906 deos
532 1867 707 1918 decepit
729 1873 771 1906 et
794 1866 1006 1915 homines,
1030 1867 1238 1907 lenonum
1264 1881 1383 1908 more
1407 1868 1517 1908 fecit.

338 1935 438 1974 Non
463 1933 552 1974 rem'
577 1936 771 1974 diuinam
807 1935 947 1975 facitis
970 1936 1039 1976 hic
1062 1950 1140 1976 uos
1173 1950 1314 1989 neque
1337 1941 1466 1977 erus?
1530 1937 1622 1977 AM.

1211 2005 1452 2053 I-Lan‘QLare.

336 2071 452 2125 Quid
487 2078 532 2112 tu
556 2072 649 2124 agis
672 2072 740 2112 hic
764 2073 925 2125 igitur?
988 2073 1082 2113 AM.
1117 2073 1190 2113 Ex
1215 2074 1340 2114 malis
1364 2075 1512 2114 multis
1535 2087 1624 2114 me-

1120 2150 1255 2195 tuque
1277 2156 1451 2183 summo

333 2209 611 2262 Capitalique
628 2223 684 2249 ex
704 2210 896 2262 periculo
912 2210 1040 2250 orbas
1058 2212 1283 2264 auxilique
1301 2225 1524 2264 opumque
1539 2211 1623 2251 huc

336 2278 519 2331 Recepit
551 2279 606 2318 ad
640 2291 684 2318 se
708 2279 898 2319 Veneria
931 2279 1037 2320 haec
1061 2280 1264 2320 sacerdos
1299 2287 1440 2320 meet
1474 2280 1622 2320 Palae-

1302 2355 1448 2389 stram.

267 2427 293 2454 ε.
329 2414 400 2454 An
439 2415 507 2454 hic
544 2415 818 2463 Palaestrast,
849 2429 1042 2468 opsecro,
1074 2417 1132 2457 eri
1177 2417 1260 2457 mei
1293 2418 1465 2458 amica?
1529 2417 1621 2457 ΑΜ.

1308 2485 1448 2527 Certo.

276 2565 301 2590 <.
340 2551 458 2592 lnest
481 2552 602 2604 lepos
627 2553 666 2591 in
693 2553 847 2593 r‘l'untio
870 2559 946 2593 tuo
968 2566 1167 2607 magnus,
1192 2567 1288 2594 mea
1314 2554 1577 2607 Ampelisca.

335 2620 420 2661 Sed
447 2621 556 2660 istuc
581 2621 787 2673 periclum
813 2622 1012 2675 perlubet
1036 2621 1154 2675 quod
1179 2623 1305 2663 fuerit
1329 2624 1452 2664 uobis
1475 2623 1592 2663 scire.

1679 577 1740 611 335

1678 1197 1741 1229 340

1660 1430 1679 1447 b

1678 1815 1739 1848 345

1677 2365 1740 2398 350
