2111 3158
205 161 230 199 ii

440 564 570 618 Quod
596 565 786 606 faustum
813 566 1005 619 felixque
1027 567 1231 606 omnibus
1248 573 1389 607 vortat
1413 580 1563 619 precor

386 645 434 684 In
459 658 588 684 scena
611 646 740 685 datur
762 646 830 685 hic
850 646 972 685 vobis
998 646 1138 686 Macci
1164 646 1321 695 sabula,

383 724 509 777 Quae
531 726 864 778 quadringentis
887 733 990 766 ante
1014 726 1158 766 lustris
1181 728 1299 767 edita

384 805 582 858 Antiqua
606 806 645 844 in
674 806 816 845 Roma
839 813 904 846 est
928 805 1098 846 urbium
1123 806 1403 847 celeberrima
1427 823 1434 854 余

387 885 476 924 Illis
498 886 769 937 temporibus
791 899 880 938 quo
902 886 998 926 loco
1021 899 1134 926 nunc
1159 887 1321 927 luditur

386 965 595 1017 Undique
618 965 828 1018 patebant
849 973 997 1006 vastae
1019 967 1277 1007 solitudines
1298 982 1305 1017 3

386 1045 478 1085 Nec
501 1052 798 1098 spectatorum
824 1053 926 1086 tunc
949 1053 1041 1087 erat
1064 1048 1137 1099 qui
1160 1048 1356 1088 crederet

385 1125 527 1165 Trans
551 1132 674 1165 tanta
697 1126 848 1178 ignota
872 1127 1007 1166 maria
1030 1134 1129 1179 post
1152 1134 1217 1167 tot
1240 1128 1386 1168 secula

386 1205 497 1245 Fore
514 1205 729 1258 voluptati
753 1207 871 1259 genti
897 1206 1162 1260 longinquae
1185 1221 1234 1247 ac
1258 1221 1408 1257 novae,

385 1285 465 1326 Cui
489 1292 581 1325 tum
606 1285 854 1338 frequentes
877 1287 1149 1339 plauderent,
1167 1289 1453 1328 comoediam.

446 1366 574 1406 Nunc
597 1367 728 1406 etiam
753 1367 934 1407 accessit
957 1368 1115 1420 copula
1137 1368 1271 1408 altera
1295 1369 1482 1421 insuper,

389 1445 489 1499 Qua
511 1447 786 1486 consociatur
809 1461 907 1486 cum
928 1448 1145 1488 veteribus
1167 1449 1323 1488 seculis

389 1527 552 1566 Nostra
574 1527 802 1566 academia
827 1527 954 1567 laude
977 1527 1209 1568 florescens
1234 1543 1358 1578 nova,

390 1606 520 1659 Quod
547 1607 901 1659 praegredientes
924 1609 1078 1648 ceteris
1101 1608 1294 1658 coloniis,

389 1686 510 1739 Quot
534 1701 557 1726 a
583 1687 802 1726 Britannis
826 1695 927 1727 sunt
951 1688 1111 1740 ubique
1134 1690 1349 1736 conditae,

391 1768 542 1820 Nuper
567 1767 774 1807 fundatae
798 1768 977 1807 tulimus
1001 1769 1214 1808 auxilium
1239 1770 1425 1815 scholae,

391 1848 632 1900 Despectat
657 1847 807 1887 urbem
831 1862 917 1901 qua
940 1849 1152 1901 superbus
1180 1850 1426 1891 Parthenon

392 1928 580 1968 Matrem
604 1928 761 1967 artium
785 1928 889 1967 olim
913 1929 1075 1968 dictam
1100 1936 1142 1969 et
1165 1930 1447 1983 eloquentiae.

451 2009 632 2047 Rudens
657 2009 711 2047 ab
736 2009 830 2061 ipso
853 2022 1011 2049 nomen
1038 2009 1211 2050 fabulae
1235 2011 1466 2051 inditumst

394 2088 556 2140 Agitur
579 2088 762 2140 Cyrenis
786 2103 863 2137 reS,
887 2088 1154 2130 Graecorum
1181 2091 1220 2130 in
1245 2091 1411 2144 oppido
1432 2106 1438 2139 余

395 2168 608 2208 Actorum
634 2175 778 2220 partes
801 2170 1023 2222 accipietis
1047 2170 1218 2222 postibi.

453 2248 624 2288 Novam
652 2262 740 2288 rem
764 2250 986 2299 ordimur余
1018 2250 1126 2290 alios
1148 2265 1375 2303 speramus
1400 2251 1489 2292 fore

398 2329 667 2381 Exemplum
694 2337 889 2369 nostrum
914 2331 986 2382 qui
1011 2331 1145 2370 secuti
1171 2340 1324 2383 postea

398 2409 521 2448 Alias
545 2410 807 2461 spectandas
831 2410 1070 2462 praebeant
1093 2410 1161 2450 hic
1186 2411 1354 2451 fabulas
1375 2426 1382 2458 余

399 2489 527 2528 Libet
552 2490 764 2528 recordari
789 2490 856 2529 hic
881 2490 998 2538 mihi,
1021 2491 1102 2530 hoc
1126 2498 1172 2531 ut
1196 2491 1235 2530 in
1261 2492 1427 2544 oppido

399 2569 501 2608 Alia
525 2569 752 2621 loquentes
778 2570 925 2622 lingua
949 2571 1082 2623 stirpe
1105 2571 1191 2610 alio
1209 2571 1284 2611 viri

401 2649 560 2688 Nobile
583 2648 842 2689 Thebanam
869 2650 1034 2689 facinus
1058 2664 1208 2690 ausam
1229 2651 1439 2703 virginem

401 2728 666 2768 Graecorum
688 2736 876 2769 veterem
904 2729 1094 2770 fabulam
1119 2730 1443 2771 celebraverint.
