2111 3158
343 133 398 173 34
898 126 1070 158 PLAvn
1107 125 1310 158 RVDENS.

345 235 438 275 AM.
458 233 601 280 Same,
624 232 890 272 adulescens.
954 230 1024 271 SC.
1062 229 1118 269 Et
1147 236 1194 269 tu
1218 228 1405 268 multum
1438 227 1619 276 salueto,
1640 226 1746 267 adu-

1325 295 1574 336 lescentula.
1542 297 1810 371 ηξωύ
1826 322 1856 347 Q

461 371 548 411 Sed
572 369 675 422 quid
701 369 775 417 ais,
798 381 895 408 mea
919 367 1075 420 lepida,
1094 366 1264 406 hilara?
1327 364 1420 404 AM
1455 356 1626 412 Abs-⁷
1564 356 1746 403 nimium
1797 359 2061 430 ”pk-'Q

1310 432 1578 473 familiariter
1801 449 1866 480 420
2059 405 2111 445 ’ρ

459 508 532 548 Me
555 513 772 547 attrectas.
833 504 904 545 Se.
932 505 1014 544 Pro
1035 503 1078 543 di
1104 501 1370 550 inmortales,
1387 501 1572 541 Veneris
1594 499 1749 553 ecfigia
2099 475 2111 541 C

1210 571 1318 611 haec
1341 570 1574 623 quidemst.

458 645 519 685 Vt
544 646 583 684 in
608 643 755 684 ocellis
778 642 1083 682 hilaritudost:
1117 640 1226 689 heia,
1248 652 1405 692 corpus
1428 639 1584 691 quoius
1603 638 1748 678 modi:

460 710 1005 777 Subuolturiumst—illud
1049 709 1273 762 quidem‘
1292 706 1594 760 subaquilum’
1632 706 1748 746 uolui

1422 776 1575 815 dicere.

346 829 600 898 Ax1.Nunc',
615 826 905 942 quafflob
852 861 941 888 rem
966 847 1049 887 huc
1068 860 1163 886 sum
1189 846 1334 894 missa,
1356 845 1516 885 amabo
1533 844 1600 884 uel
1626 851 1670 884 tu
1691 844 1748 884 mi

751 956 762 959 -
1230 915 1320 954 aias
1343 913 1411 953 uel
1435 926 1579 966 neges.
1803 929 1868 961 430

345 991 418 1032 SC.
462 988 579 1042 Quid
606 1001 720 1028 nunc
744 987 842 1027 uis?
906 985 999 1025 AM.
1036 984 1234 1037 Sapienti
1267 989 1448 1022 ornatus
1480 982 1586 1034 quid
1618 981 1749 1022 uelim

1232 1051 1439 1091 indicium
1464 1049 1577 1090 facit.

346 1128 418 1170 SC.
464 1127 590 1167 Meus
614 1138 789 1178 quoque
822 1123 890 1163 hic
914 1122 1101 1175 sapienti
1124 1126 1305 1161 ornatus
1338 1119 1442 1172 quid
1477 1118 1608 1158 uelim
1642 1118 1751 1158 indi-

1327 1189 1441 1228 cium
1467 1187 1578 1227 facit.

350 1267 441 1306 ΑΜ.
466 1265 587 1304 Haec
612 1262 815 1302 sacerdos
838 1260 1024 1300 Veneris
1056 1259 1156 1298 hinc
1180 1271 1248 1297 me
1272 1264 1419 1310 petere
1445 1251 1605 1309 aquam
1630 1256 1753 1296 iussit

1481 1325 1579 1365 cito.

349 1404 421 1445 SC.
467 1403 528 1442 At
550 1415 633 1453 ego
663 1399 866 1440 basilicus
889 1411 1014 1438 sum:
1047 1409 1179 1449 quem
1214 1395 1293 1435 nisi
1327 1408 1436 1442 oras,
1458 1401 1630 1447 guttam
1665 1406 1750 1434 non

1465 1463 1584 1503 feres.
1806 1477 1869 1511 435

467 1540 630 1580 Nostro
653 1538 773 1578 illum
799 1543 980 1589 puteum
1006 1534 1167 1588 periclo
1189 1540 1232 1573 et
1256 1533 1529 1572 ferramentis
1552 1531 1752 1572 fodimus.

468 1609 561 1650 Nisi
587 1607 735 1648 multis
758 1605 983 1646 blanditiis
1005 1618 1030 1644 a
1054 1617 1123 1643 me
1146 1610 1273 1655 gutta
1297 1615 1382 1642 non
1409 1601 1505 1641 ferri
1529 1607 1685 1654 potest.
1691 1605 1750 1640 ᾗ

351 1679 444 1719 ΑΜ.
464 1677 588 1730 Quor
623 1684 669 1717 tu
703 1688 862 1728 aquam
896 1686 1078 1727 grauare
1110 1671 1282 1720 amabo,
1303 1684 1435 1724 quam
1469 1670 1607 1710 hostis
1639 1633 1965 1802 hos&

1296 1740 1583 1780 commodat?
1731 1749 1734 1752 ’
1933 1747 1998 1765 *κ

351 1818 422 1859 SC.
467 1816 590 1869 Quor
612 1822 657 1855 tu
691 1826 870 1867 operam
894 1824 1077 1865 grauare
1102 1810 1219 1859 mihi,
1241 1822 1373 1862 quam
1397 1809 1504 1848 ciuis
1526 1808 1610 1848 ciui
1637 1821 1754 1848 com-
1966 1803 2014 1840 N

1405 1877 1556 1917 modat
1573 1881 1590 1917 ?
1807 1893 1874 1924 440

352 1956 444 1996 AM.
468 1955 611 1995 Immo
642 1953 774 1993 etiam
809 1951 900 2000 tibi,
923 1963 1021 1990 mea
1055 1949 1272 2001 uoluptas,
1300 1960 1413 2000 quae
1445 1946 1565 1986 uoles
1599 1945 1754 1986 faciam

1423 2015 1581 2055 omnia.

351 2093 422 2135 SC.
468 2093 690 2144 Eugepae,
712 2090 856 2129 saluos
889 2101 1011 2128 sum:
1045 2087 1152 2126 haec
1177 2086 1262 2126 iam
1297 2098 1365 2125 me
1397 2097 1521 2124 suam
1555 2083 1755 2136 uolupta-

1331 2161 1419 2194 tem
1442 2159 1582 2193 uocat.

469 2230 657 2270 Dabitur
679 2227 756 2268 tibi
790 2240 917 2280 aqua,
940 2239 994 2265 ne
1017 2225 1286 2277 nequiquam
1311 2236 1380 2263 me
1402 2235 1533 2262 ames,
1566 2221 1674 2261 cedo
1698 2221 1754 2260 mi

1077 2306 1242 2334 urnam.
1307 2291 1400 2332 AM.
1435 2290 1583 2343 Cape:

468 2368 656 2420 Propera
689 2365 849 2405 amabo
881 2363 1052 2404 ecferre.
1116 2362 1187 2403 Sc.
1230 2361 1409 2400 Manta:
1453 2360 1537 2399 iam
1573 2358 1641 2398 hic
1673 2371 1759 2408 ero,

1249 2430 1452 2482 uoluptas
1477 2441 1582 2468 mea.

352 2505 444 2546 AM.
465 2504 583 2557 Quid
608 2503 821 2543 sacerdoti
848 2515 916 2542 me
939 2502 1082 2542 dicam
1106 2499 1175 2540 hic
1198 2499 1475 2540 demoratum
1500 2504 1589 2537 tam
1613 2497 1719 2537 diu?

468 2574 528 2614 Vt
551 2574 682 2613 etiam
709 2585 823 2612 nunc
843 2571 1000 2611 misera
1022 2570 1169 2617 timeo,
1184 2568 1256 2608 ubi
1275 2567 1411 2607 oculis
1435 2567 1756 2606 intueormare.

525 2642 611 2683 Sed
636 2641 739 2694 quid
764 2653 847 2692 ego
870 2639 1026 2679 misera
1049 2637 1178 2678 uideo
1201 2635 1349 2689 procul
1375 2636 1414 2675 in
1441 2635 1597 2675 litore?
1810 2647 1876 2680 ⁴50
