2111 3158
264 155 321 194 60

268 534 346 573 I,.>x.

266 810 343 849 Lx.

267 879 336 918 m
349 889 384 918 Ε.

262 1567 340 1607 LA.

263 1843 340 1883 LA.

263 2462 339 2501 LA.

822 165 994 196 PLAVTI
1030 165 1234 197 RVDENS.

416 263 541 302 Idum
566 262 776 302 Turbalio
799 264 1023 312 curriculo,
1047 264 1170 304 adfer
1192 265 1389 305 celeriter

415 330 535 369 Duas
557 330 714 371 clauas.
777 331 927 372 TURB.
963 332 1157 373 Clauas?
1220 333 1339 373 DAE.
1375 333 1462 375 Sed
1487 334 1672 387 probas:

1189 416 1374 455 propera
1401 403 1498 442 cito.

411 467 509 518 Ego
532 474 574 507 te
597 468 727 508 hodie
750 468 856 508 faxo
879 477 992 509 recte
1015 477 1258 522 acceptum,
1282 478 1328 510 ut
1351 471 1510 523 dignus
1533 485 1588 511 es.

410 535 546 585 Eheu,
568 537 776 576 scelestus
800 537 971 589 galeam
997 538 1036 576 in
1062 539 1162 578 naui
1187 539 1354 591 perdidi
1377 555 1383 579 :

411 604 538 644 Nunc
563 605 620 644 mi
643 612 894 657 opportuna
917 606 985 645 hic
1008 608 1279 668 essetxsalua
1301 609 1334 647 si
1360 607 1518 671 foretx

412 672 535 713 Licet
558 674 713 713 saltem
739 674 844 713 istas
867 675 924 713 mi
949 675 1201 727 appellare?
1266 676 1384 717 DAE.
1421 677 1519 716 Non
1545 676 1654 718 licet.

411 742 564 787 Ehem,
581 749 762 794 optume
785 743 941 795 edepol
965 756 1116 783 eccum
1140 744 1335 784 clauator
1357 746 1546 785 aduenit.

408 809 519 850 Illud
544 811 721 862 quidem
746 812 901 863 edepol
926 813 1283 853 tinnimentumst
1305 815 1491 854 auribus.

410 879 521 931 Age,
539 880 687 932 accipe
711 880 839 920 illanc
863 880 1045 920 alteram
1070 881 1255 929 clauam,
1278 881 1463 935 Sparax.

409 947 519 999 Age,
542 948 650 987 alter
676 949 814 997 istinc,
837 949 946 989 alter
969 949 1069 989 hinc
1093 950 1303 990 adsistite.

409 1016 625 1057 Adsistite
648 1017 789 1057 ambo.
824 1018 894 1056 sic.
928 1019 1078 1058 audite
1102 1020 1306 1058 nunciam
1330 1035 1337 1059 :

407 1084 453 1126 Si
477 1085 619 1125 hercle
643 1086 728 1125 illic
752 1086 845 1125 illas
869 1086 999 1126 hodie
1021 1087 1161 1139 digito
1185 1089 1376 1140 tetigerit

411 1154 588 1202 Inuitas,
612 1155 652 1193 ni
677 1155 818 1194 istunc
843 1155 934 1195 istis
954 1156 1211 1196 inuitassitis

406 1223 559 1275 Vsque
581 1224 704 1271 adeo,
727 1224 867 1263 donec
890 1238 976 1276 qua
998 1225 1181 1265 domum
1205 1225 1334 1265 abeat
1359 1226 1535 1274 nesciat,

408 1291 584 1331 Peristis
606 1292 748 1331 ambo.
783 1293 815 1331 si
840 1293 1081 1345 appellabit
1103 1295 1372 1346 quempiam,

406 1359 500 1399 Vos
524 1361 836 1412 respondetote
859 1362 986 1401 istinc
1011 1363 1191 1402 istarum
1217 1363 1369 1402 uicem.

408 1428 483 1470 Sin
509 1429 602 1481 ipse
624 1429 788 1469 abitere
811 1430 911 1470 hinc
935 1431 1065 1478 uolet,
1087 1438 1302 1484 quantum
1326 1438 1483 1484 potest,

409 1498 654 1550 Extemplo
676 1499 979 1550 amplectitote
1001 1513 1125 1539 crura
1148 1500 1346 1540 fustibus.

402 1567 550 1606 Etiam
576 1580 644 1606 me
667 1567 785 1607 abire
809 1568 908 1607 hinc
932 1582 1018 1607 non
1043 1569 1218 1609 sinent?
1273 1569 1391 1609 ΒΑΕ.
1419 1569 1527 1609 Dixi
1551 1569 1667 1610 satis.

406 1636 464 1675 Et
487 1635 560 1675 ubi
585 1636 657 1676 ille
680 1650 828 1676 seruos
852 1650 950 1676 cum
975 1651 1048 1677 ero
1071 1638 1154 1677 huc
1177 1639 1231 1678 ad
1255 1652 1332 1678 vos
1355 1639 1533 1679 uenerit.

405 1705 491 1758 Qui
515 1719 635 1745 erum
660 1706 896 1754 arcessiuit,
920 1707 1026 1746 itote
1048 1707 1278 1760 extemplo
1299 1708 1493 1748 domum.

404 1773 565 1814 Curate
588 1774 694 1813 haec
717 1775 841 1814 sultis
866 1789 1027 1827 magna
1059 1776 1298 1828 diligentia.
1492 1780 1537 1817 l

403 1843 517 1891 Heu,
540 1843 683 1883 hercle
707 1857 760 1883 ne
785 1844 879 1884 istic
904 1844 1005 1884 fana
1030 1852 1256 1885 mutantur
1278 1846 1366 1885 cito
1387 1861 1394 1885 ε

408 1912 501 1951 Iam
525 1912 606 1951 hoc
634 1912 868 1960 Herculist,
893 1914 1027 1953 modo
1044 1913 1230 1954 Veneris
1254 1913 1403 1954 fanum
1427 1915 1545 1967 quod
1570 1913 1676 1954 fuit:

407 1980 473 2019 Ita
495 1981 584 2020 duo
606 1980 806 2020 destituit
829 1981 954 2034 signa
977 1982 1045 2021 hic
1068 1996 1167 2022 cum
1191 1983 1326 2022 clauis
1349 1996 1498 2022 senex.

403 2049 504 2089 Non
528 2049 671 2088 hercle
693 2063 781 2102 quo
804 2050 904 2090 hinc
929 2064 1042 2090 nunc
1065 2052 1263 2104 gentium
1287 2051 1510 2104 aufugiam
1535 2051 1651 2092 scio:

406 2118 473 2158 Ita
497 2131 610 2157 nunc
635 2121 692 2157 mi
717 2125 952 2171 utrumque
974 2121 1126 2169 saeuit,
1149 2127 1191 2160 et
1215 2128 1329 2160 terra
1350 2128 1393 2161 et
1417 2134 1546 2161 mare.

403 2186 634 2227 Palaestra.
699 2187 778 2228 LO.
811 2187 929 2240 Quid
954 2189 1049 2229 uis?
1113 2189 1192 2229 LA.
1229 2189 1398 2242 Apage,
1415 2196 1664 2230 controuer-

1362 2259 1493 2299 siast:
1538 2254 1544 2259 ’

405 2324 528 2364 Haec
551 2325 729 2377 quidem
757 2325 979 2366 Palaestra
1001 2341 1114 2379 quae
1138 2329 1364 2380 respondit
1388 2342 1472 2368 non
1499 2335 1648 2369 meast.

406 2393 541 2441 Heus,
567 2393 830 2446 Ampelisca.
897 2395 975 2436 LO.
1011 2395 1130 2436 Caue
1152 2397 1209 2436 sis
1234 2397 1480 2437 infortunio.

402 2462 462 2501 Vt
486 2462 600 2514 potis
623 2470 700 2509 est,
724 2463 870 2515 ignaui
895 2464 1094 2504 homines
1118 2466 1223 2505 satis
1247 2473 1362 2506 recte
1386 2473 1576 2507 monent.

403 2530 489 2571 Sed
515 2532 640 2571 uobis
662 2532 773 2580 dico,
797 2532 902 2572 heus
926 2547 1002 2572 vos
1027 2547 1130 2574 num
1157 2535 1438 2584 molestiaest‚

406 2600 479 2639 Me
497 2600 616 2640 adire
634 2601 687 2640 ad
714 2601 806 2640 illas
831 2602 1009 2654 propius
1027 2606 1042 2642 Ρ
1088 2602 1168 2644 LO.
1194 2603 1456 2644 Nil—nobis
1473 2605 1664 2657 quidem.

1724 482 1788 512 800

1723 754 1785 795 805

1722 1098 1786 1129 διο

1722 1437 1783 1478 815
