2111 3158
297 185 351 224 68
850 188 1025 219 PLAVTI
1060 187 1264 218 RVDENS.

531 290 720 330 Lucrum
746 287 990 341 praeposiui
1014 286 1158 338 sopori
1182 293 1224 326 et
1246 285 1380 338 quieti
1400 300 1407 324 :

530 359 815 410 Tempestate
838 369 970 395 saeua
992 355 1180 407 experiri
1204 354 1413 406 expetiui,

533 428 839 478 Paupertatem
863 425 921 463 eri
945 424 1017 476 qui
1041 430 1084 463 et
1107 436 1250 462 meam
1273 422 1527 462 seruitutem

590 494 842 534 Tolerarem
862 508 868 532 :
902 505 1035 544 opera
1057 492 1173 531 haud
1199 491 1256 531 fui
1281 504 1436 543 parcus
1460 503 1566 529 mea.

260 580 265 588 ’
303 566 445 606 Nimis
467 565 602 604 homo
624 562 788 602 nihilist
810 562 844 601 si
867 561 964 613 quis
997 560 1120 613 piger
1141 566 1217 609 est,
1240 560 1457 611 nimisque
1490 559 1531 598 id
1565 571 1702 611 genus

961 623 1033 662 odi
1056 635 1140 674 ego
1163 621 1276 661 male
1299 621 1527 660 malacum.
1756 635 1820 666 920

301 696 497 748 Vigilare
529 694 655 734 decet
687 692 912 731 hominem
945 691 1017 743 qui
1052 690 1143 730 uolt
1176 703 1265 746 sua
1286 689 1469 742 temperi
1493 687 1704 729 conficere

1362 751 1504 791 officia
1525 767 1531 791 :

306 827 403 866 Non
438 825 554 865 enim
588 823 709 863 illum
743 828 979 874 expectare
1012 821 1053 860 id
1087 826 1272 872 oportet,
1303 820 1408 859 dum
1443 833 1540 859 erus
1572 832 1617 859 se
1649 819 1704 859 ad

977 895 1102 922 suum
1127 882 1307 922 suscitet
1329 881 1532 921 officium.

269 982 277 989 -
306 957 419 997 Nam
443 955 516 1008 qui
540 953 765 994 dormiunt
787 952 997 999 lubenter,
1020 951 1112 990 sine
1135 951 1254 990 lucro
1271 957 1429 990 etcum
1454 950 1571 990 malo
1588 950 1706 1003 quie-

1397 1019 1536 1053 scunt.

652 1083 767 1123 Nam
791 1096 874 1135 ego
897 1095 1011 1121 nunc
1035 1081 1140 1120 mihi
1164 1081 1236 1134 qui
1261 1082 1430 1134 inpiger
1453 1081 1524 1130 fui,

653 1151 843 1204 Repperi
867 1158 914 1191 ut
938 1151 1060 1203 piger
1082 1151 1115 1189 si
1139 1150 1271 1190 uelim
1295 1150 1413 1189 siem.

538 1222 636 1261 Hoc
659 1234 742 1273 ego
764 1220 832 1259 hic
856 1220 896 1258 in
923 1220 1041 1268 mari,
1064 1219 1276 1272 quidquid
1301 1226 1366 1258 est
1390 1219 1571 1271 repperi,

536 1289 764 1343 Quidquid
788 1296 864 1337 est,
887 1301 1020 1340 graue
1042 1288 1264 1340 quidemst
1286 1303 1293 1327 :
1762 1302 1824 1335 925

308 1363 477 1402 Aurum
513 1360 582 1399 hic
616 1370 700 1411 ego
732 1358 872 1397 inesse
905 1370 1008 1396 reor.
1052 1370 1131 1396 nec
1165 1357 1222 1396 mi
1257 1357 1456 1396 conscius
1491 1363 1556 1397 est
1598 1356 1710 1396 ullus

1102 1419 1261 1458 homo:
1293 1432 1408 1458 nunc
1432 1419 1538 1458 haec

309 1493 407 1533 Tibi
441 1490 626 1539 occasio,
641 1488 786 1542 Gripe,
804 1488 965 1541 optigit
997 1495 1043 1527 ut
1077 1487 1212 1527 *liber
1243 1501 1316 1527 eas
1348 1501 1405 1527 ex
1439 1494 1637 1540 praetore
1669 1494 1711 1527 et

1308 1557 1481 1610 populo.

312 1630 440 1670 Nunc
464 1629 523 1668 sic
546 1627 716 1675 faciam,
739 1627 800 1666 sic
832 1626 1132 1665 consiliumst:
1165 1626 1218 1665 ad
1243 1639 1363 1665 erum
1388 1626 1559 1665 veniam
1584 1625 1713 1665 docte

409 1697 413 1703 ·
1278 1695 1410 1741 atque
1431 1695 1540 1728 astu.

315 1759 597 1800 Pauxillatim
622 1757 899 1810 pollicitabor
917 1771 995 1809 pro
1012 1757 1156 1809 capite
1173 1765 1417 1809 argentum,
1433 1764 1479 1797 ut
1497 1758 1577 1797 sim
1598 1757 1713 1797 liber.
1735 1745 1738 1748 Δ

315 1830 407 1869 lam
431 1828 504 1868 ubi
528 1827 636 1867 liber
652 1840 737 1875 ero,
755 1827 887 1878 igitur
903 1826 1081 1865 demum
1103 1826 1160 1865 mi
1181 1827 1391 1866 instruam
1411 1840 1565 1879 agrum
1583 1833 1715 1878 atque

1148 1888 1279 1937 aedis,
1303 1889 1539 1942 mancipia:
1768 1909 1833 1941 930

314 1959 513 2000 Nauibus
537 1958 708 2010 magnis
731 1963 1020 1996 mercaturam
1046 1956 1213 2005 faciam,
1236 1958 1352 2009 apud
1377 1971 1499 2010 reges
1522 1971 1599 1999 rex
1623 1973 1716 2012 per-

1351 2020 1543 2061 hibebor.

316 2093 418 2132 Post
441 2090 574 2131 animi
593 2103 724 2129 causa
743 2089 847 2128 mihi
872 2102 1029 2128 nauem
1055 2088 1210 2128 faciam
1228 2095 1359 2142 atque
1376 2089 1579 2130 imitabor
1599 2090 1716 2132 Stra-

1323 2152 1517 2192 tonicum
1537 2168 1544 2192 :

314 2220 494 2274 Oppida
516 2219 901 2260 circumuectabor.
935 2219 1007 2259 ubi
1033 2219 1238 2259 nobilitas
1263 2234 1360 2260 mea
1383 2221 1462 2261 erit
1484 2222 1611 2267 clara.

314 2290 542 2342 Oppidum
578 2302 787 2341 magnum
821 2288 1139 2328 conmoenibo:
1182 2289 1219 2328 ei
1253 2303 1336 2341 ego
1368 2290 1461 2329 urbi
1496 2290 1633 2343 Gripo
1656 2291 1716 2331 in-

1246 2352 1348 2391 dam
1372 2366 1546 2402 nomen,

318 2421 658 2461 Monumentum
697 2433 818 2459 meae
854 2419 996 2459 famae
1033 2427 1075 2460 et
1111 2419 1247 2469 factis,
1282 2421 1338 2460 ibi
1378 2435 1557 2473 regnum
1599 2436 1718 2476 mag-

1177 2495 1279 2522 num
1305 2491 1542 2524 instituam.
1772 2499 1834 2534 935

318 2553 506 2604 Magnas
540 2564 605 2590 res
637 2551 705 2590 hic
738 2551 858 2603 agito
891 2551 931 2590 in
967 2557 1158 2591 mentem
1194 2552 1414 2592 instruere.
1458 2553 1572 2593 hunc
1605 2567 1720 2594 nunc

1155 2613 1321 2654 uidlum
1346 2615 1546 2655 condam.

316 2683 404 2725 Sed
439 2682 506 2722 hic
531 2695 607 2722 rex
632 2695 729 2722 cum
755 2689 879 2722 aceto
903 2689 1159 2734 pransurust
1181 2689 1223 2722 et
1246 2683 1346 2731 sale,
1370 2684 1463 2724 sine
1486 2684 1603 2725 bono
1625 2685 1719 2738 pul-

1387 2749 1545 2782 mento.

2109 1274 2111 1282 .
2103 1017 2111 1255 .⁴-*-—-4..—.-
2109 988 2111 990 .
2107 932 2111 964 „-
