2111 3158
282 178 331 219 52
829 177 1001 208 PLAVTI
1036 177 1241 208 RVDENS.

520 369 820 409 PALAESTRA.
886 368 1181 409 AMPELISCA.
1244 368 1549 409 TRACHAmo.

278 483 354 522 ΡΑ.
396 481 524 522 Nunc
546 482 589 522 id
613 489 690 530 est,
715 495 848 534 quom
871 482 1068 521 omnium
1091 481 1315 533 copiarum
1339 487 1470 533 atque
1492 493 1638 533 opum,
1661 479 1728 520 111
1767 491 1787 531 3

395 550 560 598 Auxili,
583 550 769 603 praesidi
793 550 984 590 uiduitas
1008 563 1086 589 nos
1109 556 1238 590 tenet.
1728 556 1789 596 665

394 618 526 659 Nulla
547 632 647 671 spes
670 632 748 658 nec
770 619 883 658 uiast
905 631 1018 670 quae
1039 618 1224 658 salutem
1248 618 1428 664 adserat,

451 687 543 727 Nec
565 688 726 727 scimus
748 700 880 739 quam
905 687 945 726 in
971 693 1139 738 partem
1162 687 1330 738 ingredi
1354 699 1674 739 persequamur.

449 755 568 808 Quid
591 757 665 803 ais,
690 755 978 807 Ampelisca?
1042 753 1134 794 AM:
1173 755 1220 794 In
1245 762 1363 794 metu
1388 768 1503 794 nunc
1525 768 1675 795 sumus

1335 824 1502 863 ambae.

391 893 536 933 Tanta
559 893 851 946 inportunitas
874 899 1085 944 tantaque
1109 893 1263 932 iniuria

394 962 530 1002 Facta
554 963 594 1001 in
620 975 698 1001 nos
721 968 786 1001 est
810 961 943 1001 modo
965 960 1034 1000 hic
1057 961 1173 1000 intus
1195 961 1251 1000 ab
1283 969 1433 1001 nostro
1455 975 1538 1001 ero.
1729 969 1792 1008 670

276 1031 352 1070 ΡΑ.
387 1029 504 1082 Quin
528 1030 737 1070 scelestus
759 1029 1032 1069 sacerdotem
1056 1043 1189 1069 anum
1222 1030 1444 1082 praecipes

392 1099 614 1152 Reppulit,
637 1098 1062 1163 propulit‘perquam
1086 1098 1279 1150 indignis
1301 1099 1443 1138 modis

389 1167 570 1220 Nosque
592 1167 648 1207 ab
670 1168 797 1220 signo
820 1168 991 1206 intumo
1013 1167 1055 1206 ui
1078 1167 1268 1219 deripuit
1290 1181 1378 1207 sua.

275 1237 370 1277 AM.
394 1236 481 1277 Sed
505 1250 620 1276 nunc
643 1250 688 1276 se
711 1243 758 1276 ut
781 1235 924 1275 ferunt
947 1248 1012 1274 res
1036 1235 1322 1288 fortunaeque
1345 1242 1531 1286 nostrae,

391 1306 474 1345 Par
496 1319 575 1345 nos
596 1312 663 1345 est
686 1305 831 1345 moriri
855 1318 996 1357 neque
1027 1311 1093 1344 est
1125 1305 1280 1344 melius
1312 1311 1452 1345 morte
1727 1314 1789 1354 675

567 1374 697 1414 Malis
721 1374 761 1413 in
787 1373 927 1423 rebus
950 1373 1141 1413 miseriis.

390 1443 473 1483 TR.
508 1442 627 1495 Quid
651 1446 750 1483 est?
782 1456 894 1495 quae
918 1442 1040 1482 illaec
1063 1442 1276 1482 oratiost?

390 1512 524 1554 Cesso
566 1525 650 1565 ego
691 1512 769 1551 has
811 1511 1056 1551 consolari?
1120 1511 1256 1560 Heus,
1300 1511 1530 1557 Palaestra.
1595 1512 1672 1552 PA.

546 1580 569 1587 l

1233 1590 1319 1643 Qui
1342 1595 1503 1631 uocat?

273 1663 356 1703 TR.
392 1661 663 1714 Ampelisca!
729 1661 822 1701 AM.
857 1660 1066 1710 Obsecro,
1079 1661 1176 1713 quis
1199 1661 1232 1700 is
1255 1667 1320 1700 est
1342 1662 1415 1713 qui
1440 1661 1639 1701 nominat
1658 1665 1674 1702 ?

503 1731 585 1770 TR.
621 1730 666 1771 Si
691 1730 899 1783 respexis,
921 1730 1040 1769 scies.

274 1801 366 1840 AM.
386 1800 426 1842 O
445 1799 597 1840 salutis
621 1813 743 1839 meae
766 1812 933 1851 spes-2
995 1798 1079 1838 TR.
1113 1798 1232 1838 Tace
1249 1812 1298 1838 ac
1316 1798 1433 1839 bono
1450 1799 1599 1839 animo
1617 1799 1648 1839 ’s
1666 1815 1672 1839 :

387 1869 548 1910 Sedete
570 1868 639 1908 hic
663 1869 814 1908 modo:
841 1881 924 1921 ego
946 1867 1046 1907 hinc
1069 1881 1147 1907 uos
1169 1874 1318 1907 tamen
1341 1867 1527 1908 tutabor.
1552 1882 1671 1908 aram

1207 1936 1366 1976 habete
1387 1936 1499 1976 hanc

386 2007 526 2048 Vobis
549 2021 627 2060 pro
649 2007 800 2046 castris
821 2021 828 2045 :
862 2006 1080 2045 moeniam
1105 2019 1237 2045 manu
1259 2021 1266 2045 :
1298 2005 1398 2045 hinc
1420 2019 1503 2059 ego
1524 2005 1672 2046 defen-

1380 2075 1498 2115 sabo.

388 2145 610 2201 Praesidio
633 2145 817 2184 Veneris
842 2144 1034 2183 malitiae
1057 2143 1224 2183 lenonis
1247 2150 1398 2183 contra
1421 2145 1632 2184 incedam.

274 2216 348 2255 PA.
372 2222 414 2255 et
440 2215 505 2254 Α)
547 2213 667 2263 Tibi
701 2213 998 2253 auscultamus
1030 2219 1084 2260 et,
1108 2212 1260 2252 Venus
1292 2213 1419 2261 alma,
1441 2213 1598 2253 ambae
1630 2220 1672 2254 te

1220 2281 1500 2321 obsecramus

389 2352 523 2391 Aram
547 2351 856 2404 amplexantes
880 2351 991 2390 hanc
1014 2357 1134 2390 tuam
1159 2350 1462 2399 lacrumantes‚
1485 2350 1669 2403 genibus

1350 2419 1494 2468 nixae,
1724 2428 1784 2469 695

390 2490 435 2529 In
460 2488 731 2528 custodelam
757 2502 835 2528 nos
859 2495 978 2528 tuam
1004 2495 1051 2528 ut
1074 2479 1254 2540 recipias
1277 2495 1320 2527 et
1343 2495 1482 2528 tutere
1503 2503 1510 2528 :

390 2558 491 2598 Illos
514 2557 733 2605 scelestos,
755 2557 827 2609 qui
853 2564 976 2597 tuum
1001 2555 1194 2596 fecerunt
1218 2555 1365 2596 fanum
1391 2557 1526 2609 parui,

385 2627 446 2667 Vt
468 2626 675 2667 ulciscare
699 2639 865 2678 nosque
887 2633 933 2665 ut
956 2626 1068 2665 hanc
1091 2632 1165 2666 tua
1198 2639 1304 2678 pace
1327 2639 1445 2666 aram
1469 2626 1670 2667 obsidere
