2111 3158
306 2448 387 2488 Τκ.

863 144 1036 175 PLAVTI
1072 143 1130 174 RV
1139 143 1201 174 DE
1209 143 1277 175 Ns.

908 503 1113 545 ACTVS
1154 504 1234 544 111.

924 643 1216 684 DAEMONES.

483 754 606 793 Miris
630 755 772 794 modis
795 754 837 794 di
862 754 988 795 ludos
1012 755 1176 795 faciunt
1199 755 1450 795 hominibus
1473 772 1479 796 :
1701 758 1765 797 111
1809 770 1821 797 1

483 823 550 862 Ne
572 823 830 863 dormientis
853 823 1030 875 quidem
1055 824 1205 864 sinunt
1227 825 1458 876 quiescere.
1767 841 1826 875 595

479 891 614 931 Velut
637 905 720 944 ego
742 892 823 931 hac
847 899 975 932 nocte
997 906 1110 944 quae
1133 893 1369 945 praecessit
1392 907 1611 945 proxuma

482 961 642 1000 Mirum
667 968 799 1013 atque
823 961 1025 1001 inscitum
1050 962 1266 1001 somniaui
1290 963 1522 1002 somnium.

480 1029 553 1069 Ad
577 1029 907 1069 hirundininum
933 1030 1083 1070 nidum
1108 1031 1245 1070 uisast
1268 1031 1394 1070 simia

480 1098 798 1138 Ascensionem
823 1106 870 1138 ut
894 1098 1053 1139 faceret
1076 1099 1351 1139 admolirier:

482 1167 637 1219 Neque
659 1181 731 1206 eas
755 1168 919 1220 eripere
941 1169 1095 1220 quibat
1119 1168 1230 1208 inde.
1264 1168 1424 1220 postibi
1765 1177 1828 1209 600

479 1236 668 1276 'Videtur
689 1237 743 1276 ad
769 1250 837 1276 me
861 1237 986 1276 simia
1009 1237 1286 1289 adgredirier,

481 1304 657 1357 Rogare
679 1305 818 1344 scalas
840 1313 887 1345 ut
910 1306 1058 1346 darem
1084 1306 1270 1346 utendas
1293 1306 1384 1346 sibi.

483 1374 581 1426 Ego
603 1374 657 1414 ad
682 1374 763 1414 hoc
787 1374 1042 1427 exemplum
1067 1375 1219 1415 simiae
1243 1376 1512 1428 respondeo:

481 1443 619 1482 Natas
643 1456 700 1482 ex
726 1443 968 1483 Philomela
993 1443 1144 1484 Attica
1167 1457 1261 1483 esse
1284 1444 1548 1484 hirundines.

480 1511 581 1563 Ago
603 1525 701 1552 cum
727 1512 810 1561 illa,
832 1513 992 1565 nequid
1018 1520 1173 1553 noceat
1198 1514 1304 1552 meis
1328 1513 1621 1566 popularibus.
1765 1521 1826 1563 605

480 1581 629 1633 Atque
654 1581 725 1620 illa
749 1581 883 1621 nimio
907 1582 992 1621 iam
1018 1581 1106 1622 fieri
1132 1582 1340 1622 ferocior:

479 1649 668 1689 Videtur
691 1650 804 1690 ultro
829 1650 932 1690 mihi
958 1651 1122 1691 malum
1148 1651 1395 1691 minitarier.

482 1719 529 1758 In
555 1719 619 1758 ius
643 1726 771 1759 uocat
795 1720 905 1759 med.
939 1720 996 1760 ibi
1020 1733 1102 1772 ego
1126 1721 1272 1760 nescio
1293 1734 1382 1773 quo
1405 1721 1538 1760 modo

482 1788 623 1827 Iratus
646 1789 797 1828 uideor
820 1789 1010 1828 mediam
1035 1790 1222 1842 arripere
1244 1790 1416 1829 simiam
1439 1805 1446 1829 :

479 1857 707 1897 Concludo
730 1858 770 1896 in
796 1858 940 1897 uincla
963 1858 1148 1898 bestiam
1174 1859 1512 1911 nequissumam.
1763 1866 1827 1897 610

482 1925 610 1966 Nunc
633 1940 765 1978 quam
791 1928 844 1967 ad
870 1941 959 1967 rem
983 1928 1127 1967 dicam
1151 1928 1233 1967 hoc
1256 1928 1441 1968 attinere
1464 1928 1696 1975 somnium,

479 1995 733 2047 Numquam
759 1996 888 2036 hodie
911 1997 1030 2048 quiui
1054 1997 1108 2037 ad
1133 1997 1397 2036 coiecturam
1422 1997 1617 2037 euadere.

478 2065 565 2105 Sed
589 2065 693 2117 quid
718 2065 786 2105 hic
811 2066 851 2105 in
877 2065 1061 2105 Veneris
1086 2066 1187 2106 fano
1211 2079 1333 2106 meae
1356 2067 1540 2106 uiciniae

478 2133 692 2174 Clamoris
715 2135 883 2174 oritur?
916 2135 1088 2174 animus
1113 2136 1293 2175 miratur
1316 2148 1447 2175 meus.

570 2335 876 2375 TizAcHALro.
942 2335 1232 2376 DAEMONES.
1295 2335 1559 2388 (LoRARn.)

445 2449 526 2488 Pro
569 2448 842 2501 Cyrenenses
866 2450 1110 2503 populares,
1133 2459 1326 2492 uostram
1350 2466 1433 2505 ego
1457 2454 1627 2506 inploro
1695 2454 1761 2494 111
1799 2465 1822 2495 2

1390 2521 1534 2571 fidem,
1762 2531 1824 2572 615

450 2586 695 2639 Agricolae,
710 2588 890 2628 adcolae
906 2590 1136 2642 propinqui
1153 2591 1225 2642 qui
1245 2591 1348 2630 estis
1363 2591 1428 2631 his
1447 2592 1709 2644 regionibus,
