2111 3158
825 268 999 299 PLAVTI
1033 269 1239 300 RVDENS.

447 370 731 410 Adulescenti
755 370 825 409 alii
851 377 1028 409 narrant
1051 376 1097 409 ut
1131 383 1196 409 res
1218 377 1342 422 gesta
1365 371 1444 410 sit:

446 439 669 478 Lenonem
693 438 860 478 abiisse.
894 439 947 478 ad
973 444 1147 490 portum
1171 438 1427 478 adulescens
1450 440 1641 489 aduenit,

448 508 623 546 Illorum
649 507 773 546 nauis
796 506 925 559 longe
949 507 988 545 in
1014 506 1150 546 altum
1175 506 1459 561 abscesseQ
1479 501 1661 551 dada
1750 516 1795 547 66

446 575 544 627 Ego
565 575 772 627 quoniam
799 574 928 613 uideo
951 574 1164 626 uirginem
1184 576 1464 635 'asportarien
1482 587 1633 640 pm
1662 581 1793 655 '2⁴52ss

442 643 587 683 Tetuli
611 644 647 682 ei
671 643 885 682 auxilium
909 649 952 682 et
976 642 1119 682 lenoni
1144 643 1331 683 exitium
1355 644 1510 684 simul:

447 712 645 764 Increpui
669 711 899 751 hibernum
925 718 968 750 et
991 711 1146 750 fluctus
1171 712 1287 751 moui
1314 713 1567 753 maritimos.

444 781 559 820 Nam
586 780 800 820 Arcturus
832 779 1006 832 signum
1037 793 1133 819 sum
1157 781 1355 819 omnium
1391 795 1524 821 unum
1559 795 1674 822 aces-

907 855 922 867 *
1289 862 1460 889 rumum
1482 865 1489 889 z
1751 864 1791 895 70

442 918 693 958 Vehemens
717 930 811 957 sum
837 917 1051 965 exoriens,
1073 930 1206 969 quom
1232 918 1385 958 occido
1409 919 1718 960 uehementior.

443 987 570 1027 Nunc
593 986 725 1026 ambo
749 986 847 1025 leno
870 992 1002 1038 atque
1024 985 1195 1038 hospes,
1219 986 1259 1025 in
1284 1000 1406 1035 saxo,
1429 987 1557 1027 simul

442 1056 609 1097 Sedent
631 1055 755 1095 eiecti
775 1070 781 1094 :
818 1055 941 1094 nauis
965 1053 1230 1094 confractast
1254 1055 1325 1094 eis

444 1124 523 1163 Illa
545 1129 693 1163 autem
718 1123 841 1174 uirgo
863 1128 995 1174 atque
1018 1122 1154 1161 altera
1179 1122 1328 1162 itidem
1353 1123 1558 1163 ancillula

442 1193 510 1233 De
533 1193 633 1232 naui
657 1192 837 1232 timidae
860 1191 1145 1230 desuluerunt
1170 1192 1210 1230 in
1235 1191 1456 1244 scapham.
1488 1188 1491 1191 ’
1750 1209 1789 1243 75

442 1262 569 1301 Nunc
593 1274 665 1300 eas
688 1261 743 1300 ab
766 1273 877 1299 saxo
900 1259 1056 1299 fluctus
1079 1259 1134 1299 ad
1159 1265 1316 1299 terram
1342 1254 1498 1310 ferunt}

503 1331 513 1370 l
538 1329 686 1378 uillam
712 1329 837 1377 illius,
860 1328 963 1368 exul
988 1328 1060 1368 ubi
1085 1328 1254 1368 habitat
1277 1342 1427 1378 senex,

451 1381 619 1452 aiffa?
633 1397 884 1505 deffluit
907 1402 1065 1436 uentus
1088 1403 1251 1436 tectum
1276 1404 1319 1437 et
1342 1397 1523 1449 tegulas.

459 1468 476 1476 ,
517 1448 670 1471 ovum
697 1467 703 1474 .
920 1466 926 1472 .
1071 1466 1077 1472 .
1241 1466 1248 1473 .

442 1469 500 1508 ht
523 1481 671 1507 seruos
695 1467 719 1506 1l
743 1480 779 1506 1c
803 1472 868 1506 est
891 1479 983 1505 elus
1006 1479 1079 1517 qui
1103 1466 1323 1518 egrechtur
1347 1466 1469 1506 foras.
1784 1518 1802 1529 ..

443 1537 716 1577 Adulescens
739 1535 931 1587 hucliam
955 1535 1172 1583 adueniet‚
1195 1548 1325 1587 quem
1350 1535 1566 1584 uidebitis,
1748 1546 1791 1576 80

440 1606 526 1658 Qui
551 1605 668 1644 illam
694 1610 931 1644 mercatust
953 1604 1008 1643 de
1031 1603 1187 1643 lenone
1210 1604 1436 1656 uirginem.

440 1674 608 1723 Valete‚
632 1680 678 1713 ut
701 1674 849 1713 hostes
872 1673 1005 1712 nostri
1029 1671 1232 1713 diffidant
1255 1673 1348 1713 sibi.
