2111 3158
248 159 301 207 78

245 529 327 569 ΤΚ.

242 736 324 776 TR.

240 874 322 913 ΤΚ.

238 1011 319 1051 Tit.

237 1150 319 1190 ΤΚ.

235 1219 319 1260 GR.

235 1288 317 1328 ΤΚ.

229 1771 311 1811 TR.

226 2047 310 2088 GR.

803 169 975 200 PLAYTI
1012 169 1216 201 RVDENs.

366 267 457 306 Nec
480 274 525 306 tu
551 280 620 307 me
641 268 880 321 quoiquam
905 269 1131 310 indicassis
1164 284 1304 324 neque
1326 285 1409 324 ego
1431 272 1509 312 tibi
1531 273 1649 326 quic-

1194 353 1326 392 quam
1351 340 1476 380 dabo.

362 393 429 432 Tu
463 400 633 434 taceto:
665 408 747 447 ego
771 395 1023 435 mussitabo.
1057 396 1138 436 hoc
1160 405 1392 450 optumum
1426 405 1558 451 atque
1580 412 1647 439 ae-

1145 466 1474 518 quissumumst.

364 530 533 582 Ecquid
568 532 836 571 condicionis
869 533 1004 572 audes
1027 532 1166 574 ferre?
1240 534 1324 575 GR.
1361 535 1454 574 Iam
1478 536 1646 576 dudum

1361 603 1449 644 fero
1467 620 1474 644 :
1683 622 1764 654 1030

358 667 420 706 Vt
442 667 586 716 abeas,
608 668 837 709 rudentem
861 670 1051 718 amittas,
1075 671 1178 710 mihi
1204 672 1414 712 molestus
1437 687 1490 712 ne
1512 674 1606 713 sies.

361 737 505 785 Mane,
537 737 642 777 dum
676 737 814 778 resero
845 739 1160 779 condicionem.
1241 740 1324 781 GR.
1364 741 1440 790 Te,
1465 755 1647 794 opsecro

1011 808 1164 857 hercle,
1185 809 1306 849 aufer
1329 796 1509 919 mody

359 874 556 927 Ecquem
581 875 621 914 in
653 875 719 914 his
752 875 856 915 locis
880 876 1075 916 nouisti?
1137 877 1220 918 GR.
1255 877 1425 931 Oporte
1478 880 1644 920 uicinos

1340 961 1470 988 meos.

355 1012 442 1053 Vbi
467 1020 512 1053 tu
536 1013 604 1052 hic
627 1013 830 1054 habitas?
902 1013 987 1054 GR.
1023 1015 1155 1055 Porro
1179 1015 1263 1055 illic
1287 1016 1416 1069 longe
1439 1031 1575 1070 usque
1599 1019 1638 1058 in

1089 1085 1256 1137 campis
1279 1085 1468 1126 ultumis.

354 1150 440 1190 Vin
465 1151 539 1203 qui
564 1151 604 1190 in
629 1151 709 1191 hac
734 1151 836 1192 uilla
859 1152 1029 1192 habitat
1052 1153 1143 1192 eius
1166 1153 1377 1194 arbitratu
1403 1154 1526 1195 fieri?
1678 1172 1756 1206 ¹035

356 1220 579 1272 Paulisper
603 1221 775 1260 remitte
799 1228 969 1270 restem,
992 1221 1098 1261 dum
1122 1223 1318 1262 concedo
1340 1231 1382 1263 et
1406 1225 1596 1265 consulo.

355 1288 461 1328 Fiat.
537 1288 620 1329 GR.
666 1289 804 1341 Euge,
835 1289 957 1329 salua
990 1304 1055 1330 res
1087 1298 1180 1331 est:
1225 1293 1386 1343 praeda
1417 1292 1524 1332 haec
1547 1307 1640 1346 per-

1160 1367 1335 1413 petuast
1359 1375 1465 1401 mea.

351 1427 422 1467 Ad
458 1440 602 1466 meum
637 1440 758 1467 erum
792 1428 1002 1468 arbitrum
1027 1436 1156 1469 uocat
1189 1443 1259 1469 me
1291 1430 1359 1470 hic
1383 1431 1495 1470 intra
1518 1445 1638 1484 prae-

1195 1499 1310 1551 sepis
1335 1513 1463 1539 meas.

350 1564 605 1617 Numquam
625 1564 767 1605 hercle
785 1565 915 1605 hodie
931 1566 1200 1606 abiudicabit
1219 1567 1274 1607 ab
1293 1581 1372 1607 suo
1387 1569 1636 1610 triobulum.

348 1633 415 1673 Ne
457 1634 537 1673 iste
571 1633 741 1682 hau-scit
773 1648 905 1687 quam
940 1635 1243 1676 condicionem
1277 1637 1497 1677 tetulerit:
1538 1638 1637 1679 cibo

646 1690 648 1694 V
1239 1705 1462 1746 arbitrum.
1672 1724 1754 1756 1040

347 1771 465 1824 Quid
485 1772 640 1824 igitur?
693 1771 776 1812 GR.
807 1772 1089 1826 Quamquam
1110 1775 1251 1814 istunc
1269 1775 1471 1816 esse-iure
1487 1789 1632 1816 meum

1219 1851 1338 1884 certo
1360 1845 1461 1899 scio,

346 1909 443 1950 Fiat
466 1910 576 1950 istuc
600 1911 745 1963 potius
777 1924 908 1963 quam
945 1925 1059 1952 nunc
1092 1926 1283 1965 pugnem
1318 1921 1474 1954 tecum.
1548 1914 1631 1954 TR.

1152 1981 1280 2021 Nunc
1303 1982 1460 2035 places,

345 2047 627 2101 Quamquam
651 2049 705 2089 ad
730 2049 929 2102 ignotum
955 2050 1165 2090 arbitrum
1190 2064 1259 2091 me
1281 2051 1477 2104 adpellis,
1498 2053 1532 2092 si
1556 2053 1630 2092 ad-

1125 2119 1291 2160 hibebit
1315 2119 1458 2168 fidem,

343 2185 436 2226 Etsi
461 2187 669 2239 ignotust,
692 2194 846 2227 notus:
880 2188 913 2227 si
939 2201 1037 2236 non,
1062 2195 1190 2228 notus
1214 2189 1558 2242 ignotissumust.
