2111 3158
274 229 329 259 20
824 223 997 254 I‘LAVTI
1032 223 1236 254 RVDENS.

331 326 408 365 ΡΑ.
456 324 581 365 Litus
603 324 685 363 hoc
708 336 1030 376 persequamur.
1083 322 1187 362 ΑΜ.
1223 322 1393 375 Sequor
1415 335 1503 375 quo
1526 321 1656 363 lubet.
1682 347 1687 351 ·
1723 338 1785 371 250

330 395 405 434 PA.
454 393 527 434 Sic
547 406 600 432 ne
622 392 690 432 hic
713 405 811 432 cum
835 391 968 431 uuida
990 398 1112 431 ueste
1133 391 1458 443 grassabimur?

329 463 423 503 AM.
459 447 557 501 Hoe
580 461 697 513 quod
721 460 850 500 estid
877 459 1213 500 necessariumst
1236 459 1414 512 perpeti.

457 528 1064 595 SQ?
1097 519 1147 564 '¹-

329 600 404 639 ΡΑ.
453 598 570 651 Quid
587 602 604 637 ?
667 596 760 636 AM.
785 596 943 645 Viden,
966 596 1137 645 amabo,
1161 596 1342 636 fanum?
1406 597 1481 636 PA.
1506 596 1669 637 Vbist?

558 665 650 705 AM.
687 665 758 705 Ad
782 665 1013 705 dexteram
1032 681 1039 704 ε
1072 665 1252 705 uidesne
1274 665 1387 705 hoc?

328 737 403 776 PA.
451 735 596 775 Video
617 735 824 790 decorum
849 734 915 773 dis
936 733 1082 791 locum
1107 734 1301 773 uiderier.

326 805 420 844 AM.
457 804 589 843 Haud
624 803 753 855 longe
775 803 928 842 abesse
950 809 1124 855 oportet
1157 802 1357 842 homines
1383 802 1494 851 hinc,
1519 803 1578 842 ita
1601 802 1669 842 hic

1146 871 1336 923 lepidust
1359 871 1490 911 locus.
1724 885 1784 918 255

326 943 402 982 ΡΑ.
452 940 814 993 quuisquis
851 946 917 979 est
953 940 1061 979 deus
1094 953 1277 979 ueneror
1307 946 1355 979 ut
1387 953 1466 979 nos
1498 953 1555 979 ex
1588 939 1668 979 hac

1104 1021 1314 1048 aerumna
1337 1009 1506 1048 eximat

456 1078 550 1118 Aut
573 1078 752 1118 miseras
775 1078 928 1130 inopes
950 1090 1233 1117 aerumnosas
1255 1083 1302 1116 ut
1334 1077 1482 1129 aliquo
1503 1077 1670 1117 auxilio

1305 1145 1404 1186 adiu
1411 1152 1565 1229 uets

441 1325 872 1366 PTOLEMOCRATIA.
943 1323 1245 1363 PALAESTRA.
1312 1321 1608 1362 AMPELISCA.

325 1436 399 1475 PT.
453 1434 541 1487 Qui
564 1439 665 1473 sunt
687 1432 760 1485 qui
784 1445 809 1470 a
831 1437 1016 1483 patrona
1039 1443 1187 1483 preces
1211 1443 1308 1470 mea
1331 1434 1648 1489 eertessunt?
1706 1431 1721 1470 Ι
1760 1441 1778 1481 5

1025 1480 1190 1495 Ν

452 1504 566 1544 Nam
591 1516 681 1542 uox
706 1514 775 1541 me
797 1508 1053 1553 precantum
1079 1500 1162 1540 huc
1189 1499 1304 1539 foras
1327 1499 1550 1539 excitauit.

450 1572 620 1612 Bonam
663 1578 796 1623 atque
837 1569 1155 1622 obsequentem
1199 1569 1327 1608 deam
1374 1574 1506 1620 atque
1548 1568 1665 1608 haud

1296 1643 1526 1689 granatam
1718 1645 1781 1676 260

452 1710 688 1750 Patronam
711 1714 1014 1760 exsequontur
1036 1707 1363 1759 benignamque
1387 1706 1585 1745 multum.

322 1780 398 1820 PA.
449 1779 656 1819 Iubemus
679 1784 721 1817 te
744 1777 923 1824 saluere,
947 1782 1095 1815 mater.
1161 1775 1235 1815 PT.
1271 1774 1460 1824 Saluete‚

609 1846 809 1886 Puellae:
841 1845 917 1885 sed
942 1845 1058 1885 unde
1081 1858 1159 1884 uos
1182 1845 1241 1884 ire
1263 1857 1362 1884 cum
1386 1844 1519 1884 uuida

721 1915 871 1963 Veste,
893 1915 1037 1954 dicam
1061 1913 1254 1961 obsecro,

721 1983 834 2023 Tam
860 1984 1084 2023 maestiter
1105 1983 1319 2022 uestitas?
1716 1989 1776 2030 265

320 2056 395 2095 ΡΑ.
447 2054 552 2094 Ilico
569 2054 669 2093 hinc
692 2053 805 2092 imus
828 2052 944 2092 haud
969 2051 1145 2104 longule
1168 2065 1225 2090 ex
1248 2049 1330 2090 l'ioc
1353 2050 1450 2090 loco

447 2123 613 2162 Verum
633 2121 762 2173 longe
780 2121 879 2160 hinc
899 2120 1034 2167 abest,
1050 2120 1165 2159 unde
1183 2119 1394 2158 aduectae
1412 2118 1496 2158 huc
1513 2131 1673 2158 sumus.

320 2194 394 2233 PT.
448 2191 621 2243 Nempe
643 2203 757 2242 equo
780 2189 925 2241 ligneo
949 2202 1023 2240 per
1046 2188 1138 2227 uias
1161 2187 1354 2227 caerulas

448 2260 566 2300 Estis
628 2261 811 2298 uectae?
916 2258 988 2297 ΡΑ.
1045 2257 1314 2296 Admodum.
1414 2256 1488 2296 PT.
1542 2255 1661 2308 Ergo

547 2328 727 2380 aequius
750 2340 828 2366 uos
851 2333 943 2366 erat

446 2397 717 2439 Candidatas
740 2396 887 2435 uenire
910 2395 1236 2447 hostiatasque:
1269 2393 1323 2433 ad
1348 2393 1428 2433 hoc
1714 2409 1777 2440 270

446 2467 615 2507 Fanum
641 2465 694 2504 ad
720 2465 861 2504 istunc
887 2464 1065 2503 modum
1091 2477 1176 2503 non
1201 2463 1336 2503 ueniri
1360 2462 1481 2502 solet.

318 2538 392 2577 ΡΑ.
441 2535 624 2588 Quaene
647 2534 809 2573 eiectae
831 2547 854 2572 e
879 2533 984 2572 mari
1008 2533 1143 2572 simus
1166 2532 1334 2576 ambae.
1356 2531 1549 2580 obsecro,

445 2605 576 2644 Vnde
599 2617 678 2642 nos
702 2602 867 2642 hostias
891 2601 1063 2641 voluisti
1088 2601 1171 2640 huc
1194 2601 1399 2653 adigere?

447 2672 574 2713 Nunc
598 2671 675 2711 tibi
700 2670 1007 2722 amplectimur
1029 2682 1172 2721 genua
1195 2676 1374 2721 egentes
1396 2682 1543 2721 opum,
