2111 3158
260 699 338 738 LA.

261 906 333 944 PL.

260 1111 339 1150 LA.

260 1317 340 1357 LA.

261 1525 340 1565 LA.

260 1664 339 1704 LA.

260 1804 333 1843 1³1„

260 2012 296 2051 L
301 2021 339 2050 A.

260 2150 340 2189 LA.

816 186 988 216 PLAYTI
1024 186 1227 218 RVDENS.

407 287 510 326 Post
533 286 616 326 huc
639 287 779 327 redito
801 293 933 339 atque
955 287 1124 339 agitato
1146 288 1214 327 hic
1237 289 1498 331 custodiam.

406 355 518 408 Age,
539 355 717 395 ambula
739 356 779 394 in
805 356 879 395 ius.
959 355 1038 395 LA.
1073 355 1190 408 Quid
1215 370 1298 409 ego
1319 357 1514 410 deliqui?
1586 358 1661 399 PL.

1305 426 1454 478 Rogas
1472 430 1488 466 ?

404 491 549 545 Quinc
571 493 829 532 arrabonem
853 506 877 532 a
901 506 970 532 me
992 494 1197 545 accepisti
1221 494 1278 533 ob
1302 495 1526 534 mulierem

406 561 463 601 Et
486 574 581 600 eam
606 561 706 600 hinc
729 562 916 601 auexti?
979 562 1058 601 LA.
1094 562 1193 602 Non
1222 564 1365 603 auexi.
1430 564 1504 603 PL.
1539 562 1662 616 Quor

1322 636 1489 684 negas?

397 697 513 750 Quia
536 698 606 750 pol
632 699 814 750 prouexi
837 714 843 738 :
877 699 1062 738 auehere
1088 713 1172 739 non
1198 700 1317 752 quiui
1344 701 1483 741 miser.

404 767 623 820 Equidem
647 767 724 807 tibi
751 781 819 807 me
841 768 1041 807 dixeram
1067 776 1242 820 praesto
1264 768 1368 818 fore,

406 836 538 888 Apud
557 835 742 876 Veneris
765 835 933 876 fanum:
958 837 1169 889 numquid
1195 841 1342 878 muto?
1374 852 1528 878 sumne
1552 838 1640 878 ibi?

405 905 452 944 In
479 905 568 944 iure
590 918 767 944 causam
791 905 926 945 dicito
946 921 952 944 :
986 905 1054 944 hic
1079 906 1259 945 uerbum
1283 913 1350 946 sat
1374 913 1448 947 est.

403 972 605 1025 Sequere.
669 972 749 1012 LA.
784 972 981 1013 Obsecro
1003 980 1057 1021 te,
1079 973 1276 1021 subueni,
1294 975 1351 1013 mi
1376 974 1635 1015 Charmides
1654 991 1660 1015 :

404 1041 570 1094 Rapior
590 1048 767 1094 optorto
789 1042 911 1081 collo.
975 1042 1060 1082 CH.
1094 1043 1204 1095 Quis
1228 1056 1297 1082 me
1320 1044 1552 1084 nominat?

399 1111 544 1150 Viden
581 1124 650 1150 me
682 1118 728 1150 ut
761 1111 938 1163 rapior?
1001 1110 1084 1151 CH.
1121 1111 1266 1151 Video
1298 1119 1430 1164 atque
1465 1113 1663 1165 inspecto

1327 1181 1491 1221 lubens.

402 1248 502 1288 Non
526 1248 757 1287 subuenire
777 1249 833 1287 mi
853 1248 1012 1288 audes?
1064 1247 1148 1289 CH.
1175 1248 1285 1301 Quis
1309 1250 1442 1289 homo
1460 1251 1502 1290 te
1520 1251 1659 1303 rapit?

403 1317 676 1357 Adulescens
702 1317 988 1369 Plesidippus.
1052 1317 1136 1358 CH.
1162 1317 1224 1358 Vt
1247 1319 1456 1368 nanctu‘s,
1479 1319 1592 1359 habe
1613 1335 1620 1359 ;

405 1386 530 1426 Bono
553 1386 702 1425 animo
725 1386 900 1426 meliust
924 1394 966 1426 te
989 1386 1028 1425 in
1055 1400 1235 1427 neruom
1259 1401 1520 1440 conrepere:

403 1455 502 1495 Tibi
527 1456 686 1508 optigit
709 1457 827 1508 quod
853 1455 1041 1508 plurumi
1065 1463 1283 1509 exoptant
1306 1457 1399 1496 sibi.

401 1523 519 1576 Quid
545 1525 587 1564 id
610 1528 709 1564 est?
772 1524 856 1565 Cli.
882 1525 943 1564 Vt
967 1525 1007 1564 id
1042 1526 1160 1577 quod
1192 1532 1406 1578 quaerant
1439 1526 1664 1567 inueniant

1400 1595 1491 1636 sibi.

401 1663 605 1715 Sequere,
619 1662 812 1711 obsecro,
828 1677 906 1702 me.
961 1662 1045 1703 CH.
1072 1663 1237 1703 Pariter
1254 1664 1423 1712 suades,
1439 1664 1578 1716 qu‘alis
1598 1678 1662 1704 es:

403 1733 471 1773 Tu
495 1733 535 1772 in
562 1745 741 1772 neruom
767 1746 936 1785 rapere:
959 1746 1011 1771 eo
1035 1745 1104 1772 me
1126 1732 1329 1772 obsecras
1352 1740 1399 1773 ut
1422 1740 1464 1772 te
1482 1746 1650 1786 sequar.

401 1803 468 1842 Tu
494 1814 591 1841 mea
617 1802 837 1841 Palaestra
860 1808 902 1841 et
927 1801 1194 1853 Ampelisca,
1219 1802 1381 1841 ibidem
1406 1802 1504 1842 ilico

406 1872 598 1921 Manete,
620 1872 826 1912 donicum
850 1871 933 1911 huc
957 1872 1101 1911 redeo:
1152 1871 1232 1911 LO.
1258 1871 1478 1924 Equidem
1502 1871 1666 1911 suadeo

402 1942 464 1981 Vt
487 1942 540 1981 ad
566 1955 644 1986 nos
667 1941 827 1980 abeant
851 1940 1130 1993 potius‚dum
1154 1940 1320 1992 recipis,
1385 1940 1459 1980 PL.
1494 1940 1651 1980 Placet.

403 2011 648 2063 Hospes‚—
711 2009 795 2050 Cli.
842 2009 941 2048 Non
965 2023 1061 2049 sum
1085 2009 1272 2061 hospes:
1307 2009 1487 2061 repudio
1519 2009 1664 2061 hospi·

1223 2079 1330 2117 tium
1356 2086 1490 2118 tuum.

402 2149 547 2190 Sicine
571 2162 639 2188 me
661 2148 861 2200 spernis?
923 2147 1007 2188 CH.
1043 2147 1114 2188 Sic
1138 2161 1222 2199 ago
1244 2163 1251 2186 :
1283 2147 1417 2186 semel
1442 2146 1496 2186 fel
1521 2146 1633 2186 bibo.

402 2218 568 2258 Verum
593 2224 739 2257 tamen
764 2217 847 2262 ibo,
869 2217 905 2256 ei
931 2217 1173 2256 aduocatus
1196 2224 1243 2256 ut
1265 2216 1386 2264 siem,

405 2287 526 2339 Siqui
552 2300 649 2326 inea
671 2299 803 2338 opera
827 2286 953 2325 citius
1093 2285 1235 2327 addici
1260 2291 1419 2338 potest.

1715 435 1777 465 860

1716 846 1776 887 865

1712 2224 1774 2261 891)
