2111 3158
282 193 336 231 86

284 439 367 479 GR.

285 1539 404 1578 ΒΑΕ.

283 1745 365 1784 Tu.

284 1883 359 1922 ΡΑ.

279 2088 317 2129 G
326 2099 363 2128 R.

282 2295 399 2335 ΒΑΕ.

836 199 1009 230 PLAVTI
1045 199 1250 230 RVDENS.

429 302 568 342 Estne
590 302 658 342 hic
681 302 836 350 uidlus,
859 301 931 341 ubi
955 301 1167 342 cistellam
1192 309 1313 342 tuam
1345 303 1486 342 inesse
1516 302 1688 343 aiebas?

1260 371 1335 411 ΡΑ.
1373 371 1414 410 Is
1437 378 1513 411 est.

433 439 541 478 Perii
594 438 737 478 hercle
778 452 862 490 ego
904 438 1034 478 miser
1054 454 1061 478 ε
1114 445 1160 478 tu
1204 439 1322 491 prius
1373 453 1507 492 quam
1560 440 1688 492 plane

1165 509 1392 560 aspexisti,
1416 509 1515 548 ilico

430 575 543 615 Eum
569 589 662 615 esse
685 575 810 615 dixti.
866 576 942 615 ΡΑ.
968 576 1145 615 Faciam
1169 589 1253 628 ego
1270 576 1382 616 hanc
1401 590 1490 616 rem
1510 590 1567 617 ex
1591 591 1687 630 pro-

1097 645 1196 684 cliui
1221 645 1398 697 planam
1424 646 1513 686 tibi.

427 712 653 753 Cistellam
678 713 746 752 isti
771 713 911 752 inesse
925 720 1099 765 oportet
1114 705 1326 753 caudeam
1352 715 1392 753 in
1418 714 1501 754 isto
1519 714 1686 754 uidulo:

432 781 495 821 Ibi
519 795 602 833 ego
623 782 767 821 dicam
791 782 1005 834 quidquid
1039 782 1165 821 inerit
1189 783 1448 822 nominatim
1471 799 1478 823 :
1511 790 1558 823 tu
1582 783 1686 822 mihi

1725 389 1804 421 1130

430 850 611 890 Nullum
635 851 888 891 ostenderis.
922 851 955 889 si
979 850 1088 890 salsa
1110 851 1266 900 dicam,
1289 851 1447 891 frustra
1473 852 1657 892 dixero:
1724 869 1733 890 z
1788 869 1800 876 -

428 919 522 959 Vos
573 926 720 958 tamen
774 919 907 959 istaec
949 919 1163 971 quidquid
1218 919 1344 959 inerit
1384 921 1509 960 vobis
1557 934 1688 960 omne

1285 987 1513 1028 habebitis

429 1055 475 1096 Si
498 1063 625 1096 erunt
647 1069 761 1104 uera,
779 1062 872 1095 tum
895 1055 1077 1096 obsecro
1095 1062 1149 1105 te,
1167 1063 1213 1096 ut
1237 1069 1334 1096 mea
1358 1057 1415 1096 mi
1439 1057 1688 1098 reddantur.

1184 1125 1303 1164 DAE.
1339 1125 1514 1166 Placet:

432 1194 504 1233 Ius
527 1207 694 1233 merum
718 1207 816 1233 oras
841 1207 939 1233 meo
960 1194 1137 1246 quidem
1162 1194 1320 1233 animo.
1385 1193 1468 1234 GR.
1505 1194 1567 1234 At
1590 1208 1688 1234 meo

1033 1262 1176 1302 hercle
1199 1263 1311 1302 inius
1336 1255 1514 1302 merum.

429 1331 560 1384 Quid,
582 1331 615 1371 si
650 1331 732 1372 ista
764 1338 838 1371 aut
871 1332 1174 1384 superstitiosa
1206 1338 1281 1371 aut
1313 1331 1522 1371 hariolast
1557 1339 1689 1384 atque

1368 1401 1516 1440 omnia

428 1468 654 1522 Quidquid
680 1469 806 1508 inerit
830 1483 933 1509 uera
955 1469 1103 1509 dicet?
1135 1483 1249 1509 anne
1272 1469 1452 1509 habebit
1474 1469 1671 1509 hariola?

429 1538 529 1578 Non
555 1537 674 1586 feret,
692 1538 772 1577 nisi
797 1551 900 1578 uera
922 1538 1038 1578 dicet
1060 1554 1066 1578 :
1101 1538 1366 1590 nequiquam
1392 1538 1686 1578 hariolabitur.

427 1606 560 1647 Solue
601 1606 800 1647 uidulum
843 1620 959 1659 ergo,
1000 1614 1048 1647 ut
1090 1607 1195 1659 quid
1243 1608 1298 1646 sit
1350 1620 1501 1646 uerum
1553 1621 1686 1660 quam

1148 1676 1336 1728 primum
1367 1676 1513 1715 sciam.

1722 1486 1803 1517 ¹¹40

431 1744 530 1784 Hoc
563 1744 706 1784 habet.
770 1743 854 1785 GR.
889 1744 1090 1785 Solutust
1123 1745 1255 1796 perii:
1294 1745 1425 1784 uideo
1461 1744 1685 1784 cistellam.
1735 1754 1738 1756 ·

1086 1813 1204 1853 DAE.
1240 1813 1514 1856 Haecinest?

429 1883 569 1922 Istaec
592 1889 667 1922 est.
701 1896 727 1922 0
751 1882 833 1921 mei
858 1889 1073 1935 parentes,
1091 1882 1160 1922 hic
1182 1896 1261 1922 uos
1283 1883 1512 1922 conclusos
1534 1895 1638 1935 gero
1659 1898 1666 1922 :

428 1951 528 1991 Huc
550 1964 744 2003 opesque
766 1964 953 2004 spesque
976 1958 1172 1991 uostrum
1203 1952 1560 2003 cognoscendum
1585 1965 1685 1991 con-

1410 2020 1512 2060 didi.

426 2088 541 2128 Tum
561 2089 638 2128 tibi
661 2088 804 2128 hercle
821 2089 927 2128 deos
946 2089 1077 2129 iratos
1100 2102 1194 2128 esse
1210 2096 1396 2141 oportet,
1410 2089 1606 2141 quisquis
1629 2102 1686 2136 es,

424 2156 550 2210 Quae
573 2158 765 2210 parentis
789 2164 878 2197 tam
904 2158 945 2196 in
969 2164 1206 2210 angustum
1230 2164 1328 2197 tuos
1359 2157 1502 2197 locum
1526 2171 1684 2210 conpe-

1389 2226 1513 2278 geris.

424 2295 570 2348 Gripe,
588 2296 746 2335 accede
769 2295 878 2335 huc:
907 2302 981 2335 tua
1004 2309 1070 2335 res
1093 2296 1236 2347 agitur
1256 2311 1263 2335 :
1298 2302 1355 2344 tu,
1380 2295 1536 2347 puella,
1558 2295 1685 2335 istinc

1008 2412 1014 2418 ι
1363 2364 1511 2417 procul

425 2432 573 2472 Dicito
595 2433 699 2485 quid
724 2433 825 2473 insit
848 2440 891 2473 et
919 2447 1006 2486 qua
1029 2432 1137 2473 facie
1158 2449 1165 2473 ε
1200 2440 1445 2473 memorato
1467 2433 1625 2473 omnia.

425 2502 469 2543 Si
507 2501 650 2542 hercle
687 2501 907 2542 tantillum
944 2503 1171 2554 peccassis,
1203 2502 1319 2555 quod
1360 2502 1575 2554 posterius
1609 2516 1684 2554 po-

1377 2571 1512 2610 stulcs

424 2639 490 2679 Te
535 2641 589 2679 ad
643 2653 793 2679 uerum
846 2640 1058 2689 conuorti,
1101 2653 1252 2692 nugaS,
1295 2639 1459 2688 mulier,
1502 2653 1685 2693 magnas

1362 2709 1510 2761 egeris.

1722 2035 1801 2069 ¹¹45

1721 2584 1802 2618 ¹¹50
