2111 3158
293 200 348 240 70

292 492 377 533 TR.

291 698 374 740 GR.

290 835 374 877 GR.

287 1178 370 1219 ΤΚ.

287 1315 370 1357 GR.

286 1453 369 1494 GR.

286 1591 370 1632 GR.

847 198 1019 229 PLAVTI
1055 198 1259 229 RVDENs.

754 387 1060 427 TRACHALIO.
1159 387 1349 428 G1<11³vs

413 493 537 533 Heus
561 507 699 533 mane.
744 493 827 534 GR.
862 492 980 545 Quid
1001 499 1237 534 maneam?
1279 495 1362 535 ΤΚ.
1398 495 1515 535 Dum
1540 496 1651 536 hanc
1699 497 1762 537 IV
1788 509 1808 549 3

1393 559 1395 561 ’
1444 564 1521 604 tibi

407 630 553 683 Quam
577 630 712 670 trahis
736 631 964 671 rudentem
993 631 1202 683 conplico.

411 699 540 739 Mitte
565 700 707 739 modo.
772 699 856 739 TR.
891 699 953 740 At
977 699 1047 752 pol
1072 713 1154 752 ego
1178 707 1219 740 te
1243 700 1416 750 adiuuo,

408 767 523 807 Nam
548 768 673 807 bonis
696 768 815 820 quod
839 767 950 807 bene
974 767 1032 815 fit,
1055 768 1170 808 haud
1196 770 1317 821 perit.

408 836 605 876 Turbida
627 843 868 889 tempestas
901 836 990 876 heri
1016 837 1094 877 suit
1117 853 1123 876 :
1747 857 1811 888 940

407 905 478 945 Nil
502 905 656 953 habeo,
678 905 947 953 adulescens,
971 906 1168 958 piscium,

406 974 473 1013 Ne
496 981 540 1013 tu
566 973 670 1013 mihi
694 987 788 1013 esse
810 973 1015 1026 postules.

406 1042 505 1082 Non
530 1043 653 1082 uides
677 1042 832 1082 referre
857 1056 926 1082 me
948 1043 1130 1083 uuidurn

405 1111 516 1151 Rete
539 1111 631 1150 sine
654 1124 892 1163 squamoso
916 1125 1023 1163 pecu
1042 1115 1058 1151 ?

406 1179 506 1219 Non
531 1179 685 1232 edepol
711 1180 840 1232 piscis
863 1187 1029 1232 expeto

403 1247 548 1300 Quam
574 1249 634 1288 tui
659 1249 872 1288 sermonis
895 1262 992 1288 sum
1018 1249 1230 1301 indigens.

407 1317 568 1357 Enicas
591 1317 676 1356 iam
700 1317 804 1357 odio
826 1318 1022 1370 quisquis
1045 1331 1100 1357 es.
1164 1318 1246 1357 ΤΚ.
1284 1318 1382 1358 Non
1408 1320 1547 1360 sinam

664 1386 761 1438 Ego
783 1386 901 1426 abire
924 1386 1024 1426 hinc
1047 1394 1114 1426 te:
1149 1400 1289 1428 mane.

405 1454 524 1495 Caue
567 1455 624 1494 sis
680 1455 820 1495 malo:
863 1455 967 1507 quid
1022 1462 1080 1504 tu,
1119 1455 1295 1505 malum,
1331 1470 1431 1496 nam
1472 1471 1541 1497 me
1578 1466 1692 1499 retro

990 1523 1203 1563 retrahis?
1265 1524 1347 1564 TR.
1384 1525 1513 1565 Audi.
1745 1543 1808 1577 945

406 1592 504 1631 Non
546 1593 686 1632 audio.
769 1592 853 1633 ΤΚ.
899 1592 960 1632 At
993 1593 1063 1645 pol
1098 1593 1170 1645 qui
1204 1594 1365 1633 audies.
1447 1593 1531 1635 GR.
1578 1595 1690 1636 Post.

603 1661 686 1701 TR.
724 1661 862 1701 Nunc.
927 1661 1010 1701 GR.
1046 1660 1162 1713 Quin
1189 1661 1364 1714 loquere
1387 1663 1490 1715 quid
1517 1664 1591 1703 uis.

402 1728 519 1782 Quid
550 1730 590 1769 id
625 1737 700 1770 est.
764 1730 847 1770 Τκ.
872 1730 998 1778 Vide,
1023 1744 1126 1770 num
1160 1731 1377 1784 quispiam
1411 1734 1692 1785 consequitur
1734 1751 1737 1754 >

890 1812 1024 1852 prope
1048 1813 1136 1839 nos
1200 1799 1283 1840 GR.
1320 1800 1516 1841 Nemost.

402 1868 572 1920 Ecquid
597 1875 662 1908 est
684 1869 801 1920 quod
828 1882 925 1907 mea
949 1868 1135 1908 referat?
1198 1868 1281 1909 Tu.
1316 1868 1517 1910 Scilicet:

575 1936 662 1976 Sed
688 1937 789 1976 boni
813 1937 964 1976 consili
989 1937 1145 1989 ecquid
1170 1937 1210 1976 in
1236 1944 1279 1977 te
1303 1938 1482 1978 mihist?
1743 1957 1811 1990 950

458 2004 540 2045 GR.
577 2005 694 2058 Quid
730 2006 932 2058 negotist,
957 2007 1090 2046 modo
1113 2007 1192 2045 dic.
1271 2006 1353 2046 ΤΚ.
1391 2007 1560 2056 Dicam,
1583 2016 1690 2058 tace,

579 2074 623 2115 Si
649 2073 778 2114 fidem
805 2075 938 2114 modo
961 2075 1039 2114 das
1063 2082 1105 2114 te
1128 2088 1214 2114 non
1240 2075 1330 2115 sore

578 2143 778 2192 bifidum,
803 2144 918 2183 mihi.
982 2143 1065 2184 GR.
1102 2144 1173 2183 Do
1196 2143 1325 2184 fidem
1352 2146 1458 2185 tibi:

574 2212 707 2252 Fidus
731 2226 815 2260 ero,
839 2213 1035 2265 quisquis
1058 2227 1113 2252 eS.
1177 2213 1259 2252 Τκ.
1286 2213 1415 2254 Audi.
1741 2231 1806 2265 955

574 2281 756 2321 Furtum
781 2295 863 2334 ego
886 2282 974 2321 uidi
998 2282 1070 2334 qui
1098 2281 1283 2322 faciebat
1305 2298 1312 2322 :

574 2349 738 2389 Noram
763 2351 991 2390 dominum
1018 2351 1057 2391 id
1082 2352 1184 2403 quoi
1209 2351 1350 2392 fiebat.

574 2419 677 2459 Post
701 2420 753 2459 ad
779 2419 915 2459 furem
941 2428 1117 2471 egomet
1140 2421 1328 2460 deuenio

575 2488 771 2540 Feroque
794 2489 830 2528 ci
853 2489 1155 2528 condicionem
1180 2490 1261 2529 hoc
1285 2497 1415 2542 pacto
1435 2506 1441 2528 τ

547 2561 553 2576 ¹
576 2557 672 2609 Ego
696 2557 804 2596 istuc
829 2557 990 2597 factum
1015 2558 1105 2597 scio
1127 2559 1228 2610 quoi
1253 2558 1458 2599 factumst
1478 2575 1484 2599 :

574 2625 701 2665 Nunc
726 2626 829 2665 mihi
854 2626 886 2665 si
912 2626 976 2666 uis
1000 2627 1103 2666 dare
1125 2627 1369 2674 dimidium,
