2111 3158
245 174 302 216 74

245 1171 328 1210 TR.

243 1308 325 1348 TR.

242 1721 325 1762 GR.

239 2134 323 2174 ΤΚ.

806 176 979 207 PLAVTI
1016 177 1221 207 RVDENS.

361 279 538 333 Quippe
560 293 693 333 quom
727 280 957 332 extemplo
982 280 1022 319 in
1058 280 1289 320 macellum
1324 280 1463 332 pisces
1496 280 1652 332 prolati

1359 348 1483 396 sient,

362 417 506 457 Nemo
528 424 671 457 emat:
705 430 829 456 suam
862 417 1047 469 quisque
1071 424 1240 469 partem
1265 417 1448 469 piscium
1469 423 1653 469 poscant

1368 485 1448 525 sibi
1471 501 1478 525 ε
1708 491 1776 531 980

364 554 524 594 Dicant
549 554 589 593 in
616 553 721 593 mari
746 553 953 593 conmuni
977 560 1141 606 captos.
1185 553 1267 593 TR.
1293 553 1412 606 Quid
1436 553 1511 601 aiS,
1529 554 1652 606 inpu-

1337 623 1480 662 dens?

362 691 522 731 Ausu’s
545 692 677 731 etiam
702 704 941 743 conparare
964 691 1163 730 uidulum
1188 705 1286 731 cum
1311 691 1538 744 piscibus?

361 759 530 799 Eadem
555 760 734 799 tandem
759 773 824 799 res
849 759 1021 799 uidetur
1038 750 1199 799 ?1JG1<.
1239 760 1285 799 In
1321 773 1452 799 manu
1478 773 1564 799 non
1588 767 1653 799 est

1357 842 1480 869 mea:

359 897 446 937 Vbi
471 897 627 937 demisi
662 903 751 937 rete
784 904 916 949 atque
949 897 1142 946 hamum,
1165 897 1378 949 quidquid
1412 897 1552 936 haesit
1576 911 1652 937 ex-

1343 965 1478 1005 traho.

361 1034 511 1074 Meum
547 1034 665 1086 quod
704 1041 793 1074 rete
827 1040 960 1086 atque
1002 1034 1119 1074 hami
1165 1034 1310 1074 nancti
1354 1041 1468 1082 sunt,
1506 1047 1651 1074 meum

1130 1103 1478 1155 potissumumst.
1707 1110 1771 1151 985

366 1171 510 1211 Immo
543 1171 688 1211 hercle
723 1171 839 1211 haud
873 1178 951 1219 est,
974 1171 1007 1210 si
1044 1172 1221 1223 quidem
1257 1172 1374 1223 quod
1415 1185 1654 1217 uasssexce—

907 1240 1020 1293 pisti.
1083 1239 1480 1293 G1<.Philosophe;

361 1308 449 1349 Sed
473 1315 519 1349 tu
543 1321 812 1361 enumquam
837 1309 1098 1361 piscatorem
1123 1309 1284 1358 uidisti,
1306 1308 1512 1358 uenefice‚

357 1376 571 1418 Vidulum
595 1378 759 1430 piscem
788 1378 955 1430 cepisse
977 1384 1053 1418 aut
1085 1378 1318 1430 protulisse
1352 1377 1486 1417 ullum
1522 1378 1562 1417 in
1589 1377 1651 1417 fo-

1354 1450 1480 1487 rum?

358 1515 441 1555 Vel
465 1521 508 1555 te
532 1515 636 1554 mihi
661 1522 905 1555 monstrare
927 1522 1102 1568 oportet
1126 1515 1255 1568 piscis
1278 1515 1350 1567 qui
1375 1515 1430 1555 sit
1454 1515 1627 1555 uidulus
1647 1531 1653 1554 z

357 1583 438 1624 Vel
463 1584 581 1636 quod
606 1584 646 1623 in
672 1584 779 1624 mari
804 1598 889 1624 non
911 1591 1108 1624 natumst
1132 1598 1273 1637 neque
1290 1584 1424 1624 habet
1446 1597 1652 1636 squamas

1280 1667 1333 1692 ne
1358 1653 1477 1692 feras.

361 1720 493 1774 Quid,
516 1729 561 1762 tu
587 1722 773 1762 antehac
796 1735 1038 1774 numquam
1070 1722 1276 1762 audiuisti
1301 1735 1395 1761 esse
1427 1721 1624 1762 uidulum
1645 1737 1665 1765 z,
1731 1739 1734 1742 ⁴

937 1791 1133 1843 piscem?
1195 1790 1279 1830 ΤΚ.
1314 1790 1478 1839 Scelus,

359 1859 515 1899 Nullus
547 1867 636 1900 est..
706 1859 789 1899 GR.
839 1860 1022 1900 Immost
1057 1859 1252 1912 profecto
1273 1875 1280 1899 :
1323 1873 1406 1911 ego
1437 1860 1510 1912 qui
1555 1873 1649 1899 sum
1709 1892 1711 1894 .

1165 1929 1354 1980 piscator
1377 1928 1475 1967 scio.

356 1996 522 2036 Verum
548 2010 643 2035 raro
666 1997 861 2049 capitur:
895 1997 1039 2036 nullus
1074 1997 1216 2036 minus
1249 2010 1379 2049 saepe
1402 1997 1455 2036 ad
1491 2004 1649 2036 terram

1344 2067 1474 2106 uenit.
1508 2071 1518 2079 ‘
1704 2081 1770 2114 995

362 2134 431 2174 Nil
457 2135 576 2187 agis:
609 2135 712 2174 dare
735 2135 868 2175 uerba
891 2149 1040 2188 speras
1065 2135 1169 2174 mihi
1194 2142 1236 2175 te
1260 2149 1399 2188 posse,
1423 2134 1604 2175 furcifer.

356 2202 458 2255 Quo
481 2203 692 2243 colorest?
745 2203 828 2244 GR.
859 2204 955 2244 Hoc
974 2204 1118 2244 colore
1136 2197 1368 2257 capiuntur
1392 2204 1621 2256 pauxilluli
1643 2219 1649 2243 ς

354 2272 467 2313 Sunt
492 2272 562 2312 alii
587 2273 773 2325 puniceo
795 2273 924 2322 corio,
949 2274 1096 2325 magni
1122 2274 1225 2313 item
1250 2280 1383 2326 atque
1405 2273 1496 2312 atri.
1561 2273 1644 2312 ΤΚ.

1346 2341 1447 2382 Scio
1468 2357 1475 2380 :

354 2409 421 2448 Tu
470 2409 624 2457 hercle,
656 2410 801 2462 opino,
835 2411 874 2449 in
922 2410 1089 2450 uidlum
1124 2411 1286 2463 piscem
1322 2417 1364 2450 te
1406 2417 1648 2454 convortes‚

1215 2479 1294 2518 nisi
1318 2493 1446 2519 caues
1468 2494 1475 2518 :

356 2546 453 2587 Fiet
477 2547 554 2587 tibi
579 2548 812 2600 puniceum
837 2544 1016 2602 coriumss
1040 2555 1193 2601 postea
1216 2555 1358 2588 atrum
1382 2548 1538 2587 denuo.
1684 2563 1770 2586 1000

238 2615 321 2656 GR.
357 2614 489 2668 Quod
513 2616 654 2656 scelus
676 2617 806 2657 hodie
829 2617 911 2657 hoc
935 2617 1094 2658 inueni.
1157 2617 1239 2657 TR.
1265 2617 1412 2657 Verba
1437 2617 1645 2656 facimus:

1316 2687 1346 2726 it
1370 2686 1471 2725 dies
