2111 3158
269 160 324 199 80
826 165 1000 196 PLAVTI
1034 165 1240 198 RVDENS.

329 270 621 311 DAEMONEs.
691 268 980 308 PALAESTRA
1015 276 1076 307 ET
1111 268 1406 309 AMPELISCA.
1469 268 1736 323 (LORARn.)

750 336 942 377 GRIPVS.
1005 335 1310 377 TRACHALIO.

271 449 389 490 DAE.
414 447 538 489 Serio
569 446 738 498 edepol,
770 458 1040 498 quamquam
1074 445 1203 495 volui,
1234 459 1312 485 vos
1347 459 1459 498 quae
1491 447 1624 486 uoltis
1670 447 1734 487 IV
1765 461 1793 498 4

1289 514 1503 562 mulieres,
1712 531 1793 566 ¹045

415 585 568 624 Metuo
591 590 769 636 propter
791 595 868 622 uos
893 595 946 621 ne
967 595 1081 622 uxor
1104 595 1201 622 mea
1232 584 1330 622 med
1365 583 1574 623 extrudat
1607 597 1676 623 ae-

1364 651 1502 691 dibus.

413 722 507 761 Vos
539 720 762 773 confugite
795 719 836 758 in
870 733 990 759 aram
1025 719 1169 772 potius
1200 733 1332 772 quam
1367 733 1460 773 eg0.
1525 721 1601 761 ΡΑ.
1635 728 1676 761 et

947 787 1040 827 AM.
1077 787 1263 828 Miserae
1286 789 1502 840 periimus.

269 861 389 901 DAE.
414 859 513 912 Ego
547 871 625 898 uos
657 857 802 897 saluas
834 856 1013 896 sistam:
1057 869 1110 895 ne
1143 856 1304 896 timete.
1347 858 1423 897 sed
1458 857 1562 909 quid
1598 871 1676 897 uos

1389 925 1503 965 foras
1544 929 1546 931 ’

414 995 762 1048 Prosequimini?
805 993 1014 1046 quoniam
1050 1006 1133 1045 ego
1169 994 1337 1041 adsum,
1376 993 1504 1034 faciet
1547 1008 1676 1035 nemo

1289 1062 1500 1102 iniuriam.
1713 1079 1795 1112 ¹050

415 1135 491 1183 Ite,
524 1134 716 1186 inquam,
747 1132 930 1172 domum
964 1130 1097 1170 ambo
1129 1131 1333 1170 nunciam
1367 1144 1424 1171 ex
1458 1133 1676 1184 praesidio

1269 1201 1502 1253 praesides.

267 1273 351 1315 GR.
415 1271 454 1313 O
488 1284 558 1311 ere
589 1270 720 1310 salue.
803 1269 923 1308 ΒΑΕ.
957 1268 1101 1316 Salue,
1133 1267 1276 1321 Gripe.
1310 1269 1414 1321 quid
1449 1268 1530 1309 fit?
1591 1269 1674 1310 TR.

748 1337 890 1378 Tuost
912 1337 1014 1377 hic?
1076 1336 1160 1377 GR.
1197 1337 1330 1377 Haud
1354 1338 1501 1390 pudet.

267 1411 350 1451 ΤΚ.
416 1408 534 1449 Nihil
573 1421 657 1460 ago
694 1414 849 1446 tecum.
928 1405 1011 1445 GR.
1057 1405 1145 1445 Abi
1183 1405 1283 1445 hinc
1318 1406 1376 1445 sis
1412 1419 1526 1459 ergo.
1591 1406 1674 1447 TR.

883 1474 1062 1527 Quaeso
1084 1475 1312 1527 responde,
1334 1487 1472 1515 senex
1494 1491 1502 1515 z

411 1547 532 1587 Tuos
573 1546 641 1585 hic
686 1547 886 1584 seruost?
963 1543 1083 1583 DAE.
1129 1543 1256 1583 Meus
1298 1550 1374 1583 est.
1442 1543 1532 1584 vTR.
1579 1544 1675 1594 Em,

819 1613 927 1652 istuc
951 1620 1145 1665 optume,
1168 1613 1348 1664 quando
1371 1620 1500 1653 tuost.

415 1687 577 1725 Iterum
601 1690 644 1724 te
661 1683 813 1723 saluto.
879 1681 997 1721 ΒΑΕ.
1024 1681 1082 1721 Et
1105 1694 1188 1734 ego
1205 1688 1258 1721 te.
1291 1681 1442 1731 tun'es,
1459 1683 1533 1734 qui
1557 1682 1673 1722 haud

1221 1750 1361 1790 multo
1382 1751 1502 1803 prius
1710 1746 1790 1801 1655

412 1823 575 1863 Abiisti
608 1822 708 1861 hinc
741 1833 861 1860 erum
895 1819 1183 1859 arcessitum?
1259 1819 1342 1859 ΤΚ.
1388 1819 1486 1872 Ego
1509 1820 1543 1859 is
1566 1834 1673 1860 sum.

865 1888 985 1928 ΒΑΕ.
1019 1887 1138 1940 Quid
1164 1901 1278 1927 nunc
1301 1889 1365 1928 uis
1389 1889 1502 1928 tibi?

267 1967 350 2007 ΤΚ.
415 1965 588 2017 Nempe
610 1963 678 2002 hic
702 1969 800 2003 tuos
823 1965 922 2001 est?
985 1961 1105 2000 ΒΑΕ.
1141 1960 1268 2000 Meus
1291 1967 1367 2000 est.
1430 1960 1514 2001 TR.
1557 1962 1674 2001 Istuc

952 2037 1146 2082 optume,
1169 2029 1348 2082 quando
1371 2037 1500 2070 tuost.

268 2105 385 2145 ΒΑΕ.
410 2103 528 2156 Quid
554 2101 775 2153 negotist?
843 2099 925 2139 ΤΚ.
960 2098 1040 2138 Vir
1062 2098 1271 2138 scelestus
1295 2098 1379 2138 illic
1403 2105 1477 2138 est.
1554 2099 1672 2139 ΒΑΕ.

1155 2166 1274 2219 Quid
1298 2166 1399 2207 fecit
1422 2167 1500 2207 tibi

411 2241 491 2282 Vir
513 2240 752 2280 scelestus?
815 2237 897 2278 GR.
935 2236 1118 2276 Homini
1142 2249 1225 2289 ego
1248 2237 1316 2276 isti
1342 2237 1453 2276 talos
1476 2235 1671 2290 suffringi

1388 2305 1499 2345 uolo.

269 2381 388 2420 ΒΑΕ.
423 2378 541 2431 Quid
574 2384 639 2417 est
669 2390 755 2429 qua
787 2375 842 2415 de
866 2388 909 2414 re
932 2374 1112 2424 litigatis
1146 2387 1260 2413 nunc
1291 2374 1402 2414 inter
1425 2378 1528 2414 uos?
1589 2374 1672 2414 TR.

1294 2442 1499 2495 Eloquar.
1710 2452 1793 2483 1060

267 2518 351 2559 GR.
418 2517 562 2556 Immo
584 2528 666 2567 ego
689 2514 901 2566 eloquar?
975 2511 1058 2551 TR.
1104 2511 1202 2563 Ego
1234 2511 1390 2564 opinor
1422 2525 1510 2551 rem
1539 2511 1672 2552 faces-

1010 2594 1068 2620 so.
1131 2579 1217 2621 GR.
1251 2580 1297 2621 Si
1320 2581 1498 2633 quidem
