2111 3158
294 185 351 223 40

415 285 492 324 LA.

412 354 495 394 Cn,

415 423 493 462 LA.

414 560 490 599 LA.

411 696 495 735 Cu.

412 833 489 872 LA.

409 1107 493 1148 Cn.

411 1244 488 1284 IAA.

409 1451 491 1491 Cu.

410 1520 489 1559 LA.

408 1726 486 1765 LA.

409 1933 486 1972 Ili-x.

405 2139 488 2179 Cn.

853 183 1022 213 l'LAV'l'I
1060 183 1263 213 RvmfiNS.

531 286 666 332 Eheu,
689 286 785 337 quis
809 286 917 324 uiuit
943 299 1011 324 me
1035 285 1230 325 mortalis
1255 286 1479 326 miserior?

531 355 627 405 Ego
651 354 790 393 multo
812 361 937 394 tanto
962 355 1156 394 miserior
1178 368 1308 407 quam
1335 362 1392 403 tu,
1419 355 1607 395 Labrax.

528 422 649 475 Qui?
711 422 795 463 CH.
831 422 946 475 Quia
969 436 1052 475 ego
1081 424 1285 475 indignus
1318 437 1426 471 sum,
1449 431 1494 463 tu
1528 424 1698 474 dignu's

1335 492 1406 543 qui
1431 492 1524 531 sies.

527 559 566 599 O
591 560 740 611 scirpe,
763 559 913 611 scirpe,
938 559 1068 599 laudo
1092 559 1287 599 fortunas
1311 567 1420 607 tuas,

526 626 611 678 Qui
636 640 808 679 semper
830 641 977 666 seruas
1000 628 1183 679 gloriam
1208 629 1448 668 aritudinis.

529 695 745 747 Equidem
772 709 840 734 me
864 696 918 735 ad
943 697 1244 735 uelitationem
1269 710 1454 736 exerceo
1476 713 1483 736 :

527 764 641 803 Nam
666 765 813 803 omnia
836 778 1014 804 corusca
1038 778 1140 817 prae
1164 772 1350 804 tremore
1374 765 1552 805 fabulor.

527 833 710 884 Edepol,
736 833 954 885 Neptune,
978 847 1022 872 es
1047 834 1289 873 balineator
1313 833 1520 885 frigidus:

526 901 636 942 Cum
662 902 935 941 uestimentis
959 909 1192 954 postquam
1217 903 1294 942 abs
1317 909 1359 942 te
1381 902 1480 951 abii,
1496 902 1697 955 (ll-algeo.

530 970 596 1009 Ne
619 970 959 1022 tliermopolium
986 971 1164 1022 quidem
1189 971 1325 1010 ullum
1350 971 1592 1011 in-instruit
1613 987 1620 1011 :

528 1039 593 1078 Ita
616 1039 774 1078 salsam
799 1039 1025 1091 praehibet
1050 1040 1272 1091 potionem
1297 1046 1340 1079 et
1363 1039 1577 1092 frigidam.

525 1107 586 1147 Vt
612 1107 816 1147 fortunati
842 1114 943 1147 sunt
967 1107 1073 1147 fabri
1100 1107 1274 1156 ferrarii,

524 1175 610 1228 Qui
635 1177 752 1228 apud
777 1177 987 1216 carbones
1011 1177 1215 1216 adsident
1235 1193 1242 1216 :
1275 1190 1448 1229 semper
1471 1177 1624 1217 calent.

524 1245 706 1284 Vtinam
732 1244 905 1284 fortuna
929 1259 1042 1284 nunc
1066 1246 1244 1285 anetina
1267 1248 1489 1294 zet-uterer,

523 1313 596 1361 Vt,
619 1327 752 1366 quom
777 1314 968 1353 exissem
993 1327 1049 1353 ex
1083 1328 1421 1366 aqu-aqn-aqua,
1442 1328 1680 1354 (tr-arerem

1365 1391 1522 1423 tamen.

524 1450 641 1503 Quid
667 1452 699 1490 si
724 1451 871 1503 aliquo
889 1453 942 1490 ad
965 1451 1090 1491 ludos
1111 1465 1178 1491 me
1198 1466 1276 1504 pro
1292 1453 1511 1492 manduco
1527 1453 1691 1492 locem?

524 1520 835 1573 Quapropter?
898 1520 981 1560 CH.
1017 1519 1133 1572 Quia
1157 1521 1226 1573 pol
1251 1521 1364 1560 clare
1395 1521 1560 1573 crepito
1592 1521 1696 1561 den-

1397 1590 1522 1629 tibus.

527 1658 621 1697 lure
644 1664 829 1710 optumo
853 1671 921 1697 me
943 1658 1242 1698 el-el-elavisse
1266 1658 1459 1698 arbitror.

523 1726 640 1778 Qui?
703 1726 786 1766 Cli.
825 1726 1035 1779 Qui-quia
1058 1728 1262 1767 auderem
1289 1734 1431 1767 tecum
1463 1728 1502 1766 in
1539 1741 1695 1767 nauem
1735 1743 1738 1746 ’

1293 1797 1539 1845 ascendere,

523 1863 607 1915 Qui
633 1877 657 1902 a
682 1850 970 1904 fundamento
989 1865 1044 1903 mi
1070 1878 1206 1917 usque
1230 1865 1404 1904 mouisti
1432 1868 1581 1904 mare?
1646 1908 1667 1918 .-

524 1933 660 1979 Eheu,
685 1933 886 1972 redactus
910 1946 1005 1972 sum
1030 1947 1168 1986 usque
1191 1935 1244 1973 ad
1280 1947 1411 1973 unam
1447 1934 1558 1973 hanc
1583 1934 1694 1973 tuni-

1376 2003 1517 2042 culam

522 2070 577 2110 lit
602 2071 655 2110 ad
681 2070 761 2109 hoc
787 2071 1001 2110 misellum
1027 2071 1233 2123 pallium:
1268 2071 1371 2123 perii
1397 2072 1571 2123 oppido.

522 2139 602 2179 Vel
628 2140 879 2179 consociare
903 2140 1005 2179 mihi
1031 2141 1208 2192 quidem
1234 2147 1378 2180 tecum
1405 2140 1501 2179 licet
1524 2155 1530 2179 :

522 2209 700 2260 Aequas
724 2208 936 2248 habemus
960 2210 1104 2261 partis
1171 2208 1250 2248 LA.
1285 2209 1452 2249 Saltem
1476 2210 1509 2248 si
1535 2209 1639 2248 mihi

523 2277 805 2316 Mulierculae
828 2285 973 2317 essent
997 2278 1156 2325 saluae,
1178 2291 1278 2330 spes
1301 2277 1473 2330 aliquae
1496 2277 1647 2317 forent.

523 2346 650 2384 Nunc
673 2346 705 2384 si
742 2359 810 2386 me
832 2346 1088 2386 adulescens
1118 2346 1390 2399 Plesidippus
1410 2347 1578 2394 uiderit,

521 2413 622 2465 Quo
644 2414 699 2453 ab
722 2414 979 2454 arrabonem
1006 2429 1082 2467 pro
1110 2415 1329 2454 Palaestra
1352 2428 1618 2468 acceperam,

527 2483 616 2521 lam
643 2484 676 2521 is
699 2483 926 2523 exhibebit
951 2484 1018 2523 liic
1044 2483 1146 2523 mihi
1173 2484 1409 2536 negotium.

407 2553 489 2593 (ῥυ.
524 2552 1003 2604 Qtiid,stt1lte.1)loras?
1037 2552 1111 2593 tibi
1137 2553 1312 2605 quidem
1332 2553 1487 2605 edepol
1512 2553 1692 2606 copiast,

524 2622 639 2661 Dum
666 2622 813 2674 lingua
836 2623 966 2669 uiuet,
983 2623 1055 2675 qui
1081 2636 1168 2662 rem
1193 2622 1338 2662 soluas
1360 2623 1575 2663 omnibus.

1752 301 1816 334 520

1753 713 1812 746 525

1752 1467 1812 1500 535

1748 2087 1812 2119 550

1747 2430 1807 2463 555
