2111 3158
941 174 1114 205 PLAVTI
1150 173 1356 206 RVDENS.

503 275 760 315 Muliercula
782 276 893 315 hanc
918 276 1063 315 nescio
1085 289 1197 328 quae
1219 265 1303 315 huc
1326 275 1381 316 ad
1406 289 1475 316 me
1498 276 1665 316 detulit.

505 344 625 384 Intro
649 344 882 384 ferundast.
917 344 1084 396 repperi
1109 344 1348 397 negotium,

503 412 547 454 Si
582 413 759 465 quidem
796 413 861 452 his
897 412 1000 452 mihi
1035 412 1148 452 ultro
1181 413 1294 452 intro
1326 413 1581 465 adgerunda
1613 414 1788 453 etiamst

1492 495 1615 534 aqua.

828 699 1039 739 LABRAX.
1162 699 1470 741 CnARMlnEs.

500 809 579 848 LA.
618 809 768 849 Homo
790 809 862 862 qui
887 822 981 848 sese
1005 810 1210 849 miserum
1236 816 1278 849 et
1302 810 1551 850 mendicum
1577 811 1704 859 uolet,
1802 812 1839 851 Il
1876 813 1904 852 6

616 878 826 930 Neptuno
848 878 997 918 credat
1020 891 1113 918 sese
1137 885 1269 931 atque
1292 885 1481 918 aetatem
1506 893 1628 932 suam
1653 896 1659 919 :
1839 888 1904 928 486

615 946 728 985 Nam
752 946 786 985 si
817 947 912 998 quis
936 959 1033 985 cum
1058 960 1110 986 eo
1132 946 1237 998 quid
1262 947 1318 985 rei
1343 947 1614 997 commiscuit,

519 1029 537 1075 ³¹.
614 1014 685 1054 Ad
710 1015 790 1054 hoc
813 1015 1067 1066 exemplum
1093 1015 1256 1054 amittit
1279 1022 1481 1055 ornatum
1506 1016 1699 1076 domum.

613 1082 699 1123 Sed
725 1083 796 1123 ubi
823 1083 892 1123 ille
917 1097 1037 1123 meus
1061 1089 1126 1123 est
1149 1083 1308 1136 hospes
1331 1084 1404 1136 qui
1430 1097 1499 1124 me
1522 1085 1744 1137 perdidit?

614 1151 762 1204 Atque
793 1165 944 1191 eccum
979 1152 1152 1192 incedit.
1235 1151 1319 1192 CH.
1364 1151 1465 1204 Quo
1499 1153 1662 1193 malum
1687 1168 1785 1207 pro-

1232 1235 1370 1273 peras,
1396 1221 1574 1261 Labrax
1593 1226 1609 1261 ?

612 1289 726 1328 Nam
751 1289 954 1341 equidem
980 1296 1022 1329 te
1046 1303 1216 1342 nequeo
1238 1291 1445 1342 consequi
1471 1298 1560 1330 tam
1585 1298 1769 1331 strenue.

496 1357 574 1397 LA.
611 1358 792 1397 Vtinam
817 1365 859 1398 te
883 1358 1000 1410 prius
1018 1371 1151 1410 quam
1175 1371 1258 1411 ego
1282 1358 1418 1398 oculis
1442 1359 1650 1399 uidissem
1678 1361 1785 1400 meis

611 1427 732 1466 Malo
754 1428 946 1467 cruciatu
971 1427 1011 1466 in
1039 1426 1186 1467 Sicilia
1211 1427 1459 1479 perbitere5‚
1837 1446 1900 1480 493
1928 1448 1931 1449 ⁷

611 1495 754 1548 Quem
781 1503 958 1548 propter
981 1496 1062 1535 hoc
1087 1496 1191 1535 mihi
1215 1497 1375 1549 optigit
1400 1497 1557 1536 misero
1582 1498 1693 1537 mali.

495 1563 579 1604 C11.
611 1564 794 1604 Vtinam
818 1578 952 1617 quom
978 1565 1017 1603 in
1043 1565 1163 1604 aedis
1188 1578 1257 1604 me
1279 1565 1334 1604 ad
1359 1572 1400 1605 te
1423 1566 1650 1606 adduxisti
1675 1575 1772 1606 tuas

614 1634 659 1672 ln
686 1647 857 1673 carcere
880 1633 952 1672 illo
977 1634 1122 1685 potius
1145 1633 1392 1673 cubuissem
1417 1635 1513 1674 die:

496 1702 574 1741 LA.
612 1702 776 1741 Malam
802 1702 1020 1742 fortunam
1045 1703 1085 1741 in
1111 1703 1231 1742 aedis
1255 1710 1297 1742 te
1315 1703 1483 1742 adduxi
1509 1717 1638 1743 meas.

609 1770 726 1823 Quid
752 1771 855 1810 mihi
880 1771 1064 1810 scelesto
1087 1771 1164 1811 tibi
1198 1772 1289 1810 ¹erat
1313 1772 1609 1811 auscultatio?

609 1838 786 1891 Quidue
808 1840 908 1879 hinc
931 1841 1090 1879 abitio?
1113 1841 1274 1892 quidue
1293 1840 1334 1879 in
1361 1853 1516 1879 nauem
1542 1841 1783 1881 inscensio?

609 1909 695 1948 Vbi
720 1909 889 1961 perdidi
914 1909 1045 1948 etiam
1071 1909 1167 1961 plus
1191 1909 1292 1948 boni
1317 1922 1448 1961 quam
1475 1909 1579 1948 mihi
1606 1909 1694 1950 fuit.

492 1976 576 2017 CII.
610 1977 685 2017 Pol
712 1978 905 2017 minume
929 1978 1071 2026 miror,
1095 1978 1219 2016 nauis
1242 1978 1275 2016 si
1301 1977 1480 2017 fractast
1504 1978 1594 2027 tibi,
1835 1995 1895 2029 505

608 2046 759 2087 Scelus
782 2053 825 2086 te
847 2053 889 2086 et
912 2046 1094 2086 sceleste
1118 2054 1242 2098 parta
1267 2059 1380 2098 quae
1403 2047 1525 2086 uexit
1549 2046 1673 2087 bona.

493 2114 572 2154 LA.
609 2115 787 2154 Pessum
812 2115 970 2155 dedisti
996 2129 1064 2155 me
1088 2115 1401 2155 blandimentis
1425 2116 1521 2155 tuis.

608 2183 942 2224 Mendicitatem
969 2185 1025 2223 mi
1049 2184 1245 2236 optulisti
1269 2197 1406 2237 opera
1426 2191 1512 2232 tua,

607 2253 723 2292 Dum
750 2254 834 2293 tuis
857 2253 1056 2293 ausculto
1080 2253 1339 2305 magnidicis
1363 2238 1612 2293 mendaciis.
1836 2270 1895 2304 515

491 2321 574 2361 CH.
610 2322 820 2361 Bonamst
843 2322 962 2375 quod
986 2322 1148 2361 habeas
1171 2322 1356 2374 gratiam
1383 2323 1538 2362 merito
1562 2322 1678 2371 mihi,

606 2389 692 2442 Qui
717 2398 759 2431 te
781 2405 836 2430 ex
863 2391 1026 2431 insulso
1049 2391 1211 2430 salsum
1237 2391 1316 2430 feci
1341 2405 1474 2444 opera
1499 2404 1603 2431 mea.

493 2457 569 2497 LA.
606 2458 721 2510 Quin
767 2467 811 2498 tu
857 2460 955 2498 liinc
999 2460 1032 2498 is
1070 2473 1094 2498 a
1130 2472 1198 2498 me
1235 2460 1274 2498 in
1315 2472 1572 2498 maxumam
1615 2460 1775 2500 malam

1421 2541 1604 2568 crucem.

490 2595 573 2636 CM.
608 2595 720 2636 Eas:
754 2609 914 2648 easque
938 2610 1002 2635 res
1026 2596 1210 2648 agebam
1237 2596 1533 2637 commodum.
