2111 3158
272 202 326 242 30
826 202 998 233 PLAVTI
1035 203 1240 233 RVDENS.

275 298 368 338 AM.
387 298 678 349 Confractast,
700 301 757 339 mi
782 300 1027 350 Trachalio,
1050 302 1129 341 hac
1153 309 1280 342 nocte
1305 303 1430 342 nauis
1453 303 1589 343 nobis.

273 366 356 406 TR.
391 366 508 409 Ouid
564 368 722 408 nauis?
773 382 886 421 quae
927 370 1060 411 istaec
1107 370 1328 411 fabulast?
1424 371 1519 411 AM.
1575 371 1674 412 Non

1002 481 1004 486 ,
1080 439 1299 487 audiuisti,
1331 441 1502 488 amabo,

389 505 490 558 Quo
512 513 642 558 pacto
665 506 763 546 leno
776 481 1031 546 clanculum
1056 521 1135 546 nos
1157 507 1257 547 hinc
1280 508 1447 548 auferre
1471 508 1609 548 uoluit

374 575 439 614 In
461 573 653 615 Siciliam
673 581 716 614 et
734 574 947 627 quidquid
966 576 1086 615 domi
1106 575 1213 616 suit*
1205 589 1244 615 1n
1266 589 1422 616 nauem
1443 577 1676 629 inposiuit?

382 643 456 692 =,Ea
507 656 621 682 nunc
674 643 894 695 perierunt
945 644 1102 683 omnia.
1125 672 1142 693 ,3
1172 644 1267 695 ⁶TR.
1319 645 1368 684 Io
1388 646 1394 684 !
1457 645 1676 698 Neptune,

388 706 394 763 l
1355 713 1500 754 salue:

388 779 455 818 Ne
477 786 521 819 te
543 779 709 819 aleator
731 779 875 819 nullus
900 787 965 819 est
988 781 1238 832 sapientior.
1272 781 1470 833 profecto

388 847 530 887 Nimis
554 847 697 899 lepide
722 848 857 888 iecisti
882 848 1029 888 bolum
1051 864 1058 888 :
1091 850 1310 901 periurum
1336 851 1574 902 perdidisti.

387 916 475 957 Sed
499 929 614 956 nunc
637 916 754 956 ubist
784 916 883 956 leno
908 916 1121 957 Labrax?
1184 918 1276 957 AM.
1313 919 1444 959 Periit
1467 919 1675 972 potando,

1320 987 1500 1039 opinor:

387 1053 621 1105 Neptunus
645 1054 816 1106 magnis
839 1053 1007 1105 poculis
1030 1054 1109 1094 hac
1133 1062 1261 1095 nocte
1278 1069 1377 1095 eum
1402 1056 1615 1097 inuitauit.

269 1123 353 1162 ΤΚ.
388 1121 532 1162 Credo
558 1121 712 1171 hercle,
735 1135 959 1162 anancaeo
981 1123 1134 1163 datum
1159 1124 1278 1176 quod
1311 1124 1488 1165 biberet.
1522 1132 1569 1166 ut
1591 1139 1675 1179 ego

1323 1205 1426 1232 amo
1447 1200 1502 1242 te,

387 1259 489 1298 Mea
513 1258 794 1311 Ampelisca:
827 1266 874 1299 ut
897 1259 1036 1299 dulcis
1059 1273 1130 1299 es:
1162 1267 1210 1300 ut
1234 1261 1374 1300 mulsa
1395 1258 1514 1301 dicta
1536 1262 1654 1302 dicis.

386 1327 474 1369 Sed
494 1334 539 1367 tu
558 1334 600 1367 et
621 1327 842 1367 Palaestra
860 1341 948 1380 quo
967 1328 1100 1368 modo
1115 1329 1263 1368 saluae
1281 1330 1384 1369 estis
1402 1334 1419 1370 ?
1473 1329 1566 1370 ΑΜ.
1591 1330 1681 1372 Sci-

1303 1398 1368 1438 bis
1393 1397 1506 1438 faxo.

385 1465 454 1505 De
476 1465 577 1504 naui
600 1465 781 1505 timidae
804 1465 961 1505 ambae
984 1466 1025 1505 in
1049 1466 1259 1518 scapham
1284 1467 1556 1517 insumimus,
1572 1468 1675 1520 quia

1300 1536 1501 1575 uidemus

385 1603 457 1642 Ad
482 1616 592 1642 saxa
615 1615 771 1642 nauem
798 1602 968 1642 ferrier:
1001 1616 1241 1655 properans
1263 1603 1412 1643 exolui
1436 1605 1598 1653 restim,

386 1659 779 1721 Dum³Qiment.
814 1685 892 1711 nos
915 1685 1013 1711 cum
1037 1671 1201 1724 scapha
1232 1679 1473 1725 tempestas
1495 1673 1674 1713 dextro-

1324 1755 1500 1781 uorsum

383 1809 542 1849 Differt
564 1808 620 1848 ab
643 1808 735 1848 illis
768 1809 915 1861 itaque
938 1822 1017 1847 nos
1040 1810 1271 1862 uentisque
1294 1809 1585 1863 fluctibusque

386 1879 580 1918 Iactatae
602 1877 821 1930 exemplis
845 1877 1056 1930 plurumis
1084 1878 1267 1918 miserae
1290 1886 1548 1931 perpetuam
1573 1893 1673 1919 noc-

1400 1954 1488 1987 tem
1508 1963 1515 1987 :

382 2016 474 2056 Vix
498 2016 628 2055 hodie
651 2015 705 2055 ad
732 2015 832 2054 litus
855 2015 1034 2067 pertulit
1057 2029 1136 2055 nos
1159 2022 1316 2055 uentus
1339 2016 1629 2057 exanimatas.

267 2079 350 2125 Tk.
387 2085 514 2132 Noui,
539 2084 772 2136 Neptunus
797 2085 856 2123 ita
878 2083 1014 2123 solet:
1048 2085 1250 2136 quamuis
1273 2084 1524 2124 fastidiosus

383 2153 554 2193 Aedilis
591 2159 684 2192 est:
722 2153 754 2191 si
795 2166 906 2204 quae
945 2153 1154 2205 inprobae
1191 2161 1293 2193 sunt
1331 2166 1507 2201 merceS,
1540 2154 1672 2194 iactat

1296 2238 1308 2270 f
1345 2223 1497 2262 omnis.

269 2292 363 2332 Am.
396 2291 493 2331 Vae
539 2290 669 2343 capiti
723 2297 855 2342 atque
906 2290 1039 2330 aetati
1093 2297 1204 2330 tuae.
1243 2269 1376 2331 T'R
1423 2271 1564 2340 Τυοςλ
1575 2305 1672 2332 mea

318 2375 323 2394 l
369 2349 390 2394 J
953 2374 954 2377 ¹
985 2375 1011 2390 1·
1220 2358 1514 2414 Ampelisca

268 2455 270 2460 ·
316 2405 358 2473 l*
383 2428 476 2469 „Sed
502 2441 614 2468 nunc
643 2420 1038 2487 ulnsQl’alaestra.
1040 2429 1061 2461 J
1108 2427 1386 2478 Ant.12¹sane
1419 2428 1459 2467 in
1485 2427 1670 2469 Veneris

1020 2491 1023 2501 ‘
1079 2483 1227 2535 fanum
1251 2496 1367 2536 buci
1354 2497 1497 2546 Q:

382 2566 619 2607 Sedentem
645 2564 910 2617 flentemque
932 2564 1165 2617 opprimes
1228 2558 1310 2604 ΤΚ.
1344 2564 1525 2606 Υῐίειῐῐι
1559 2566 1669 2607 istuc

1063 2633 1167 2673 mihi
1193 2633 1496 2675 molestumst:

1730 456 1790 489 355

1729 1409 1788 1449 365

1727 1965 1790 1997 370

1724 2377 1785 2410 375
1839 2372 1867 2385 ””
