2111 3158
246 155 298 203 84
801 162 971 192 PLAVTI
1007 163 1212 194 RVDENs.

244 264 327 304 TR.
392 264 678 304 Admodum:
720 271 762 304 et
795 277 845 303 ea
877 277 989 316 quae
1020 265 1124 305 olim
1158 279 1294 318 parua
1326 268 1516 319 gestauit
1557 281 1645 308 cre·

1309 336 1475 388 pundia

392 402 466 441 Isti
491 401 531 440 in
557 401 639 440 ista
661 401 816 440 cistula
841 401 1001 450 insunt,
1024 415 1138 454 quae
1162 403 1230 443 isti
1255 403 1367 444 inest
1390 405 1430 443 in
1456 404 1616 444 uidulo.

392 471 489 509 Hoc
508 483 649 521 neque
664 469 758 512 istic
783 477 904 509 usust
927 477 969 510 et
993 470 1050 510 illi
1076 472 1258 511 miserae
1280 473 1505 525 suppetias
1529 472 1647 522 feret,

389 538 432 579 Si
472 539 512 578 id
549 538 728 585 dederit,
766 538 838 590 qui
877 552 978 578 suos
1021 540 1213 591 parentis
1256 549 1447 593 quaerat.
1527 541 1646 582 ΒΑΕ.

961 607 1137 647 Faciam
1163 615 1209 649 ut
1231 610 1305 649 det
1327 625 1334 649 :
1367 617 1472 650 tace.

245 677 327 716 GR.
393 676 510 715 Nihil
544 675 686 715 hercle
709 688 792 726 ego
814 689 909 715 sum
945 676 1012 715 isti
1046 677 1237 717 daturus.
1315 678 1398 718 TR.
1436 679 1505 718 Nil
1546 686 1649 731 peto

1169 747 1247 785 nisi
1273 747 1473 787 cistulam
1683 755 1762 796 1085

390 813 447 853 Et
479 813 725 866 crepundia.
791 813 874 853 GR.
911 813 1042 863 Hem,
1064 815 1168 867 quid
1202 816 1235 854 si
1267 829 1317 855 ea
1349 823 1451 856 sunt
1485 820 1649 856 aurea?

569 924 572 926 v
971 883 1055 922 TR'.
1090 882 1207 935 Quid
1233 884 1343 924 istuc
1367 889 1475 924 tua?

389 951 558 990 Aurum
592 964 697 990 auro
729 952 1015 1003 expendetur,
1039 959 1269 1004 argentum
1303 960 1486 1005 argento
1518 967 1648 994 exae-

1260 1021 1474 1073 quabitur.

243 1088 326 1129 GR.
392 1089 478 1128 Fac
515 1088 572 1127 sis
610 1101 763 1127 aurum
803 1095 849 1128 ut
887 1089 1087 1128 uideam:
1136 1096 1235 1142 post
1277 1103 1360 1141 ego
1401 1089 1556 1130 faciam
1600 1097 1646 1131 ut

1088 1158 1239 1198 uideas
1261 1159 1473 1200 cistulam.

245 1227 363 1267 ΒΑΕ.
388 1225 507 1267 Caue
531 1226 647 1265 malo
669 1239 718 1265 ac
742 1232 838 1265 tace
862 1233 906 1266 tu
928 1242 935 1266 :
959 1233 1004 1266 tu
1029 1240 1161 1279 perge
1184 1233 1230 1267 ut
1253 1228 1461 1284 occepisti
1483 1228 1648 1285 dicere.

243 1295 324 1335 TR.
388 1295 538 1335 Vnum
592 1302 634 1334 te
682 1294 874 1343 obsecro,
918 1301 964 1335 ut
1017 1296 1088 1335 ted
1142 1295 1268 1335 huius
1311 1297 1649 1337 commiserescat

1274 1365 1476 1414 mulieris,
1686 1382 1766 1412 1090

388 1433 434 1474 Si
459 1433 636 1485 quidem
661 1433 729 1472 hic
754 1433 921 1472 lenonis
944 1433 1056 1473 eiust
1079 1433 1265 1483 nidulus,
1287 1448 1418 1486 quem
1442 1448 1461 1473 s
1496 1435 1648 1487 spicor.

390 1502 475 1542 Hic
499 1502 578 1541 nisi
602 1502 656 1541 de
679 1502 886 1553 opinione
908 1509 1074 1542 certum
1100 1502 1156 1542 nil
1181 1503 1280 1542 dico
1303 1448 1491 1611 tibi!

243 1572 325 1612 GR.
388 1571 534 1611 Viden
569 1571 777 1610 scelestus
810 1575 1087 1623 aucupatur?
1151 1571 1234 1611 TR.
1271 1572 1346 1612 Sin
1408 1585 1478 1611 me
1501 1579 1548 1612 ut
1580 1586 1649 1612 oc-

1225 1641 1318 1693 cepi
1345 1640 1472 1692 loqui.

386 1708 433 1749 Si
457 1708 626 1747 scelesti
651 1707 763 1747 illius
786 1715 852 1747 est
875 1708 943 1747 hic
967 1709 1123 1760 quoius
1146 1709 1246 1749 dico
1268 1709 1456 1755 uidulus,

389 1777 511 1817 Haec
544 1783 750 1829 poterunt
783 1777 986 1816 nouisse:
1028 1778 1259 1817 ostendere
1291 1778 1357 1817 his
1389 1778 1499 1818 iube.
1563 1777 1646 1819 GR.

1050 1846 1137 1886 Ain
1157 1850 1172 1886 ?
1208 1847 1472 1886 ostendere?
1681 1861 1764 1895 1095

245 1916 360 1955 ΒΑΕ.
388 1915 520 1955 Haud
548 1915 743 1968 iniquom
767 1915 884 1961 dicit,
907 1914 1053 1968 Gripe,
1078 1922 1123 1955 ut
1147 1916 1405 1956 ostendatur
1427 1916 1611 1955 uidulus.

242 1985 327 2025 GR.
395 1985 537 2024 Immo
579 1984 722 2023 hercle
765 1984 971 2035 insignite
1014 1985 1170 2036 inique.
1255 1984 1374 2024 ΒΑΕ.
1418 1984 1650 2036 Quidum?

906 2054 988 2093 GR.
1024 2053 1151 2105 Quia,
1173 2054 1206 2093 si
1231 2055 1476 2103 ostendero,

390 2123 612 2163 Continuo
635 2123 750 2162 hunc
774 2123 948 2162 nouisse
971 2123 1118 2162 dicent
1150 2123 1324 2162 scilicet.
1388 2123 1471 2162 ΤΚ.
1506 2122 1649 2164 Scele-

1214 2205 1306 2231 rum
1331 2199 1474 2241 caput,

386 2261 447 2301 Vt
471 2261 597 2301 tute's
622 2261 723 2300 item
749 2261 891 2300 omnis
914 2274 1064 2300 censes
1087 2265 1212 2300 esse?
1245 2261 1401 2313 periuri
1426 2257 1687 2329 caput]
1731 2310 1733 2313 Α

247 2331 360 2369 ΒΑΕ.
386 2330 507 2370 Cedo
531 2330 663 2369 modo
687 2330 742 2368 mi
769 2329 965 2369 uidulum
990 2330 1134 2377 istum,
1158 2328 1300 2381 Gripe.
1364 2329 1447 2369 GR.
1483 2328 1648 2369 Conce-

1242 2399 1343 2438 dam
1369 2398 1445 2437 tibi
1468 2413 1475 2437 1

390 2469 462 2516 At,
485 2469 516 2507 si
543 2469 723 2507 istorum
750 2468 804 2506 nil
831 2468 897 2514 sit,
921 2475 966 2506 ut
997 2468 1098 2506 mihi
1125 2468 1291 2507 reddas.
1376 2467 1494 2506 ΒΑΕ.
1532 2466 1646 2506 Red-

1022 2537 1158 2575 detur.
1222 2535 1305 2576 GR.
1341 2535 1473 2575 Tene.

245 2606 364 2646 ΒΑΕ.
392 2606 507 2645 Audi
556 2606 772 2651 nunciam,
816 2605 1034 2645 Palaestra
1083 2612 1215 2657 atquc
1261 2604 1527 2656 Ampelisca,
1567 2605 1648 2644 hoc

1143 2673 1261 2726 quod
1297 2673 1477 2726 loquor:
