<?xml version="1.0" encoding="UTF-8"?>
<!DOCTYPE html PUBLIC "-//W3C//DTD XHTML 1.0 Transitional//EN"
    "http://www.w3.org/TR/xhtml1/DTD/xhtml1-transitional.dtd">
<html xmlns="http://www.w3.org/1999/xhtml" xml:lang="en" lang="en">
 <head>
  <title>
</title>
<meta http-equiv="Content-Type" content="text/html;charset=utf-8" />
  <meta name='ocr-system' content='tesseract 3.04.00' />
  <meta name='ocr-capabilities' content='ocr_page ocr_carea ocr_par ocr_line ocrx_word'/>
</head>
<body>
  <div class='ocr_page' id='page_1' title='image "./rudentemfabulamp00plauuoft_0104.png"; bbox 0 0 2111 3158; ppageno 0'>
   <div class='ocr_carea' id='block_1_1' title="bbox 262 395 344 437">
    <p class='ocr_par' dir='ltr' id='par_1_1' title="bbox 262 395 344 437">
     <span class='ocr_line' id='line_1_1' title="bbox 262 395 344 437; baseline -0.024 0"><span class='ocrx_word' id='word_1_1' title='bbox 262 395 344 437; x_wconf 83' lang='lat' dir='ltr'>GR.</span> 
     </span>
    </p>
   </div>
   <div class='ocr_carea' id='block_1_2' title="bbox 260 877 344 920">
    <p class='ocr_par' dir='ltr' id='par_1_2' title="bbox 260 877 344 920">
     <span class='ocr_line' id='line_1_2' title="bbox 260 877 344 920; baseline -0.024 0"><span class='ocrx_word' id='word_1_2' title='bbox 260 877 344 920; x_wconf 81' lang='lat' dir='ltr'>GR.</span> 
     </span>
    </p>
   </div>
   <div class='ocr_carea' id='block_1_3' title="bbox 258 1223 341 1265">
    <p class='ocr_par' dir='ltr' id='par_1_3' title="bbox 258 1223 341 1265">
     <span class='ocr_line' id='line_1_3' title="bbox 258 1223 341 1265; baseline -0.024 0"><span class='ocrx_word' id='word_1_3' title='bbox 258 1223 341 1265; x_wconf 74' lang='lat' dir='ltr'>GR.</span> 
     </span>
    </p>
   </div>
   <div class='ocr_carea' id='block_1_4' title="bbox 256 1500 339 1540">
    <p class='ocr_par' dir='ltr' id='par_1_4' title="bbox 256 1500 339 1540">
     <span class='ocr_line' id='line_1_4' title="bbox 256 1500 339 1540; baseline 0 0"><span class='ocrx_word' id='word_1_4' title='bbox 256 1500 339 1540; x_wconf 62' lang='grc' dir='ltr'>ΤΚ.</span> 
     </span>
    </p>
   </div>
   <div class='ocr_carea' id='block_1_5' title="bbox 255 1637 339 1678">
    <p class='ocr_par' dir='ltr' id='par_1_5' title="bbox 255 1637 339 1678">
     <span class='ocr_line' id='line_1_5' title="bbox 255 1637 339 1678; baseline 0.012 -1"><span class='ocrx_word' id='word_1_5' title='bbox 255 1637 339 1678; x_wconf 83' lang='lat' dir='ltr'>TR.</span> 
     </span>
    </p>
   </div>
   <div class='ocr_carea' id='block_1_6' title="bbox 235 1771 339 1816">
    <p class='ocr_par' dir='ltr' id='par_1_6' title="bbox 235 1771 339 1816">
     <span class='ocr_line' id='line_1_6' title="bbox 235 1771 339 1816; baseline -0.01 0"><span class='ocrx_word' id='word_1_6' title='bbox 235 1771 339 1816; x_wconf 68' lang='lat' dir='ltr'>GR.</span> 
     </span>
    </p>
   </div>
   <div class='ocr_carea' id='block_1_7' title="bbox 256 2049 374 2090">
    <p class='ocr_par' dir='ltr' id='par_1_7' title="bbox 256 2049 374 2090">
     <span class='ocr_line' id='line_1_7' title="bbox 256 2049 374 2090; baseline 0.008 -1"><span class='ocrx_word' id='word_1_7' title='bbox 256 2049 374 2090; x_wconf 75' lang='grc' dir='ltr'><strong>ΒΑΕ.</strong></span> 
     </span>
    </p>
   </div>
   <div class='ocr_carea' id='block_1_8' title="bbox 254 2187 337 2228">
    <p class='ocr_par' dir='ltr' id='par_1_8' title="bbox 254 2187 337 2228">
     <span class='ocr_line' id='line_1_8' title="bbox 254 2187 337 2228; baseline -0.012 0"><span class='ocrx_word' id='word_1_8' title='bbox 254 2187 337 2228; x_wconf 76' lang='grc' dir='ltr'>Τκ.</span> 
     </span>
    </p>
   </div>
   <div class='ocr_carea' id='block_1_9' title="bbox 816 157 1230 191">
    <p class='ocr_par' dir='ltr' id='par_1_9' title="bbox 816 157 1230 191">
     <span class='ocr_line' id='line_1_9' title="bbox 816 157 1230 191; baseline 0.002 -2"><span class='ocrx_word' id='word_1_9' title='bbox 816 157 990 189; x_wconf 78' lang='lat' dir='ltr'>PLAVTI</span> <span class='ocrx_word' id='word_1_10' title='bbox 1024 159 1230 191; x_wconf 81' lang='lat' dir='ltr'>RVDENS.</span> 
     </span>
    </p>
   </div>
   <div class='ocr_carea' id='block_1_10' title="bbox 405 259 1667 1140">
    <p class='ocr_par' dir='ltr' id='par_1_10' title="bbox 407 259 1666 372">
     <span class='ocr_line' id='line_1_10' title="bbox 407 259 1666 316; baseline 0.003 -16"><span class='ocrx_word' id='word_1_11' title='bbox 407 259 477 301; x_wconf 88' lang='lat' dir='ltr'>Sis</span> <span class='ocrx_word' id='word_1_12' title='bbox 509 260 706 313; x_wconf 82' lang='lat' dir='ltr'>pudicu5,</span> <span class='ocrx_word' id='word_1_13' title='bbox 728 260 828 300; x_wconf 92' lang='lat' dir='ltr'>hinc</span> <span class='ocrx_word' id='word_1_14' title='bbox 862 260 1059 301; x_wconf 86' lang='lat' dir='ltr'>facessas.</span> <span class='ocrx_word' id='word_1_15' title='bbox 1138 262 1256 302; x_wconf 84' lang='lat' dir='ltr'>DAE.</span> <span class='ocrx_word' id='word_1_16' title='bbox 1301 262 1447 316; x_wconf 88' lang='lat' dir='ltr'>Gripe,</span> <span class='ocrx_word' id='word_1_17' title='bbox 1469 265 1666 305; x_wconf 89' lang='lat' dir='ltr'>animum</span> 
     </span>
     <span class='ocr_line' id='line_1_11' title="bbox 1108 331 1494 372; baseline 0.005 -2"><span class='ocrx_word' id='word_1_18' title='bbox 1108 331 1292 372; x_wconf 91' lang='lat' dir='ltr'>aduorte</span> <span class='ocrx_word' id='word_1_19' title='bbox 1314 345 1364 371; x_wconf 92' lang='lat' dir='ltr'>ac</span> <span class='ocrx_word' id='word_1_20' title='bbox 1387 339 1494 372; x_wconf 90' lang='lat' dir='ltr'>tace.</span> 
     </span>
    </p>

    <p class='ocr_par' dir='ltr' id='par_1_11' title="bbox 408 396 1666 521">
     <span class='ocr_line' id='line_1_12' title="bbox 408 396 1666 453; baseline 0.005 -18"><span class='ocrx_word' id='word_1_21' title='bbox 408 396 514 436; x_wconf 90' lang='lat' dir='ltr'>Vtin</span> <span class='ocrx_word' id='word_1_22' title='bbox 554 397 649 436; x_wconf 89' lang='lat' dir='ltr'>istic</span> <span class='ocrx_word' id='word_1_23' title='bbox 684 397 802 449; x_wconf 89' lang='lat' dir='ltr'>prius</span> <span class='ocrx_word' id='word_1_24' title='bbox 839 397 990 438; x_wconf 85' lang='lat' dir='ltr'>dicat?</span> <span class='ocrx_word' id='word_1_25' title='bbox 1068 398 1187 439; x_wconf 79' lang='grc' dir='ltr'>ΒΑΕ.</span> <span class='ocrx_word' id='word_1_26' title='bbox 1228 399 1358 440; x_wconf 87' lang='lat' dir='ltr'>Audi.</span> <span class='ocrx_word' id='word_1_27' title='bbox 1396 401 1572 453; x_wconf 88' lang='lat' dir='ltr'>loquere</span> <span class='ocrx_word' id='word_1_28' title='bbox 1609 407 1666 442; x_wconf 92' lang='lat' dir='ltr'>tu.</span> 
     </span>
     <span class='ocr_line' id='line_1_13' title="bbox 1040 465 1493 521; baseline 0.004 -15"><span class='ocrx_word' id='word_1_29' title='bbox 1040 465 1124 507; x_wconf 82' lang='lat' dir='ltr'>GR.</span> <span class='ocrx_word' id='word_1_30' title='bbox 1160 467 1349 508; x_wconf 86' lang='lat' dir='ltr'>Alienon</span> <span class='ocrx_word' id='word_1_31' title='bbox 1375 469 1493 521; x_wconf 90' lang='lat' dir='ltr'>prius</span> 
     </span>
    </p>

    <p class='ocr_par' dir='ltr' id='par_1_12' title="bbox 406 533 1667 658">
     <span class='ocr_line' id='line_1_14' title="bbox 406 533 1667 590; baseline 0.004 -18"><span class='ocrx_word' id='word_1_32' title='bbox 406 533 552 586; x_wconf 77' lang='lat' dir='ltr'>Quam</span> <span class='ocrx_word' id='word_1_33' title='bbox 591 540 667 573; x_wconf 89' lang='lat' dir='ltr'>tuo</span> <span class='ocrx_word' id='word_1_34' title='bbox 703 533 828 574; x_wconf 91' lang='lat' dir='ltr'>dabis</span> <span class='ocrx_word' id='word_1_35' title='bbox 864 534 1145 576; x_wconf 88' lang='lat' dir='ltr'>orationem?</span> <span class='ocrx_word' id='word_1_36' title='bbox 1224 536 1307 576; x_wconf 84' lang='lat' dir='ltr'>TR.</span> <span class='ocrx_word' id='word_1_37' title='bbox 1358 537 1421 578; x_wconf 93' lang='lat' dir='ltr'>Ut</span> <span class='ocrx_word' id='word_1_38' title='bbox 1464 537 1667 590; x_wconf 83' lang='lat' dir='ltr'>nequitur</span> 
     </span>
     <span class='ocr_line' id='line_1_15' title="bbox 1265 606 1491 658; baseline 0 -13"><span class='ocrx_word' id='word_1_39' title='bbox 1265 606 1491 658; x_wconf 87' lang='lat' dir='ltr'>conprimi.</span> 
     </span>
    </p>

    <p class='ocr_par' dir='ltr' id='par_1_13' title="bbox 407 668 1666 783">
     <span class='ocr_line' id='line_1_16' title="bbox 407 668 1666 727; baseline 0.003 -15"><span class='ocrx_word' id='word_1_40' title='bbox 407 672 474 713; x_wconf 92' lang='lat' dir='ltr'>Ita</span> <span class='ocrx_word' id='word_1_41' title='bbox 516 679 563 713; x_wconf 92' lang='lat' dir='ltr'>ut</span> <span class='ocrx_word' id='word_1_42' title='bbox 599 673 747 725; x_wconf 89' lang='lat' dir='ltr'>occepi</span> <span class='ocrx_word' id='word_1_43' title='bbox 786 672 940 720; x_wconf 87' lang='lat' dir='ltr'>dicere,</span> <span class='ocrx_word' id='word_1_44' title='bbox 974 668 1096 713; x_wconf 86' lang='lat' dir='ltr'>illum</span> <span class='ocrx_word' id='word_1_45' title='bbox 1134 687 1266 727; x_wconf 89' lang='lat' dir='ltr'>quem</span> <span class='ocrx_word' id='word_1_46' title='bbox 1300 675 1468 715; x_wconf 91' lang='lat' dir='ltr'>dudum</span> <span class='ocrx_word' id='word_1_47' title='bbox 1503 689 1527 715; x_wconf 91' lang='lat' dir='ltr'>e</span> <span class='ocrx_word' id='word_1_48' title='bbox 1564 675 1666 716; x_wconf 83' lang='lat' dir='ltr'>fano</span> 
     </span>
     <span class='ocr_line' id='line_1_17' title="bbox 1378 743 1493 783; baseline 0 0"><span class='ocrx_word' id='word_1_49' title='bbox 1378 743 1493 783; x_wconf 89' lang='lat' dir='ltr'>foras</span> 
     </span>
    </p>

    <p class='ocr_par' dir='ltr' id='par_1_14' title="bbox 405 809 1663 859">
     <span class='ocr_line' id='line_1_18' title="bbox 405 809 1663 859; baseline 0.003 -10"><span class='ocrx_word' id='word_1_50' title='bbox 405 809 631 850; x_wconf 92' lang='lat' dir='ltr'>Lenonem</span> <span class='ocrx_word' id='word_1_51' title='bbox 651 810 889 859; x_wconf 82' lang='lat' dir='ltr'>extrusisti,</span> <span class='ocrx_word' id='word_1_52' title='bbox 903 810 972 850; x_wconf 89' lang='lat' dir='ltr'>hic</span> <span class='ocrx_word' id='word_1_53' title='bbox 989 811 1082 850; x_wconf 91' lang='lat' dir='ltr'>eius</span> <span class='ocrx_word' id='word_1_54' title='bbox 1100 811 1297 851; x_wconf 91' lang='lat' dir='ltr'>uidulum</span> <span class='ocrx_word' id='word_1_55' title='bbox 1316 812 1514 852; x_wconf 91' lang='lat' dir='ltr'>eccillum</span> <span class='ocrx_word' id='word_1_56' title='bbox 1534 819 1663 853; x_wconf 89' lang='lat' dir='ltr'>tenet.</span> 
     </span>
    </p>

    <p class='ocr_par' dir='ltr' id='par_1_15' title="bbox 408 878 1663 989">
     <span class='ocr_line' id='line_1_19' title="bbox 408 878 1663 935; baseline 0.003 -18"><span class='ocrx_word' id='word_1_57' title='bbox 408 878 508 918; x_wconf 77' lang='lat' dir='ltr'>Non</span> <span class='ocrx_word' id='word_1_58' title='bbox 532 878 683 918; x_wconf 89' lang='lat' dir='ltr'>habeo.</span> <span class='ocrx_word' id='word_1_59' title='bbox 747 878 830 918; x_wconf 70' lang='grc' dir='ltr'>ΤΚ.</span> <span class='ocrx_word' id='word_1_60' title='bbox 866 878 1014 931; x_wconf 82' lang='lat' dir='ltr'>Negas</span> <span class='ocrx_word' id='word_1_61' title='bbox 1046 880 1164 932; x_wconf 91' lang='lat' dir='ltr'>quod</span> <span class='ocrx_word' id='word_1_62' title='bbox 1188 879 1324 920; x_wconf 89' lang='lat' dir='ltr'>oculis</span> <span class='ocrx_word' id='word_1_63' title='bbox 1356 881 1518 921; x_wconf 91' lang='lat' dir='ltr'>uideo?</span> <span class='ocrx_word' id='word_1_64' title='bbox 1549 934 1552 935; x_wconf 19' lang='lat'><em>⁷</em></span> <span class='ocrx_word' id='word_1_65' title='bbox 1579 881 1663 922; x_wconf 76' lang='lat' dir='ltr'>GR.</span> 
     </span>
     <span class='ocr_line' id='line_1_20' title="bbox 1013 947 1490 989; baseline 0.004 -2"><span class='ocrx_word' id='word_1_66' title='bbox 1013 947 1074 988; x_wconf 86' lang='lat' dir='ltr'>At</span> <span class='ocrx_word' id='word_1_67' title='bbox 1097 962 1151 988; x_wconf 91' lang='lat' dir='ltr'>ne</span> <span class='ocrx_word' id='word_1_68' title='bbox 1174 949 1323 988; x_wconf 90' lang='lat' dir='ltr'>uideas</span> <span class='ocrx_word' id='word_1_69' title='bbox 1346 949 1490 989; x_wconf 89' lang='lat' dir='ltr'>uelim.</span> 
     </span>
    </p>

    <p class='ocr_par' dir='ltr' id='par_1_16' title="bbox 406 1015 1663 1140">
     <span class='ocr_line' id='line_1_21' title="bbox 406 1015 1663 1070; baseline 0.003 -15"><span class='ocrx_word' id='word_1_70' title='bbox 406 1015 712 1056; x_wconf 88' lang='lat' dir='ltr'>Habeo—non</span> <span class='ocrx_word' id='word_1_71' title='bbox 740 1015 907 1056; x_wconf 88' lang='lat' dir='ltr'>habeo:</span> <span class='ocrx_word' id='word_1_72' title='bbox 948 1016 1052 1069; x_wconf 90' lang='lat' dir='ltr'>quid</span> <span class='ocrx_word' id='word_1_73' title='bbox 1086 1023 1132 1057; x_wconf 89' lang='lat' dir='ltr'>tu</span> <span class='ocrx_word' id='word_1_74' title='bbox 1157 1030 1226 1057; x_wconf 92' lang='lat' dir='ltr'>me</span> <span class='ocrx_word' id='word_1_75' title='bbox 1248 1031 1372 1057; x_wconf 87' lang='lat' dir='ltr'>curas</span> <span class='ocrx_word' id='word_1_76' title='bbox 1393 1019 1498 1070; x_wconf 91' lang='lat' dir='ltr'>quid</span> <span class='ocrx_word' id='word_1_77' title='bbox 1522 1031 1663 1059; x_wconf 90' lang='lat' dir='ltr'>rerum</span> 
     </span>
     <span class='ocr_line' id='line_1_22' title="bbox 1307 1093 1491 1140; baseline 0.011 -13"><span class='ocrx_word' id='word_1_78' title='bbox 1307 1101 1456 1140; x_wconf 85' lang='lat' dir='ltr'>geram</span> <span class='ocrx_word' id='word_1_79' title='bbox 1475 1093 1491 1129; x_wconf 90' lang='lat'>?</span> 
     </span>
    </p>
   </div>
   <div class='ocr_carea' id='block_1_11' title="bbox 336 1154 1663 1208">
    <p class='ocr_par' dir='ltr' id='par_1_17' title="bbox 336 1154 1663 1208">
     <span class='ocr_line' id='line_1_23' title="bbox 336 1154 1663 1208; baseline 0.002 -13"><span class='ocrx_word' id='word_1_80' title='bbox 336 1188 342 1195; x_wconf 89' lang='lat'><strong>.</strong></span> <span class='ocrx_word' id='word_1_81' title='bbox 405 1154 507 1208; x_wconf 76' lang='lat' dir='ltr'>Quo</span> <span class='ocrx_word' id='word_1_82' title='bbox 530 1156 663 1195; x_wconf 91' lang='lat' dir='ltr'>modo</span> <span class='ocrx_word' id='word_1_83' title='bbox 685 1155 860 1203; x_wconf 82' lang='lat' dir='ltr'>habeas,</span> <span class='ocrx_word' id='word_1_84' title='bbox 877 1156 918 1196; x_wconf 91' lang='lat' dir='ltr'>id</span> <span class='ocrx_word' id='word_1_85' title='bbox 936 1169 1033 1195; x_wconf 90' lang='lat' dir='ltr'>mea</span> <span class='ocrx_word' id='word_1_86' title='bbox 1048 1155 1189 1205; x_wconf 86' lang='lat' dir='ltr'>refert,</span> <span class='ocrx_word' id='word_1_87' title='bbox 1205 1156 1352 1196; x_wconf 90' lang='lat' dir='ltr'>iurene</span> <span class='ocrx_word' id='word_1_88' title='bbox 1370 1170 1483 1197; x_wconf 89' lang='lat' dir='ltr'>anne</span> <span class='ocrx_word' id='word_1_89' title='bbox 1498 1157 1663 1198; x_wconf 87' lang='lat' dir='ltr'>iniuria.</span> 
     </span>
    </p>
   </div>
   <div class='ocr_carea' id='block_1_12' title="bbox 398 1222 1663 2516">
    <p class='ocr_par' dir='ltr' id='par_1_18' title="bbox 407 1222 1662 1335">
     <span class='ocr_line' id='line_1_24' title="bbox 407 1222 1662 1278; baseline 0.002 -15"><span class='ocrx_word' id='word_1_90' title='bbox 407 1224 462 1263; x_wconf 73' lang='lat' dir='ltr'>Ni</span> <span class='ocrx_word' id='word_1_91' title='bbox 501 1224 632 1264; x_wconf 87' lang='lat' dir='ltr'>istum</span> <span class='ocrx_word' id='word_1_92' title='bbox 671 1224 778 1277; x_wconf 90' lang='lat' dir='ltr'>cepi,</span> <span class='ocrx_word' id='word_1_93' title='bbox 816 1224 935 1264; x_wconf 92' lang='lat' dir='ltr'>nulla</span> <span class='ocrx_word' id='word_1_94' title='bbox 969 1222 1142 1265; x_wconf 73' lang='lat' dir='ltr'>causast</span> <span class='ocrx_word' id='word_1_95' title='bbox 1183 1225 1288 1278; x_wconf 90' lang='lat' dir='ltr'>quin</span> <span class='ocrx_word' id='word_1_96' title='bbox 1333 1239 1403 1266; x_wconf 90' lang='lat' dir='ltr'>me</span> <span class='ocrx_word' id='word_1_97' title='bbox 1438 1227 1662 1266; x_wconf 90' lang='lat' dir='ltr'>condones</span> 
     </span>
     <span class='ocr_line' id='line_1_25' title="bbox 1364 1295 1489 1335; baseline 0 -1"><span class='ocrx_word' id='word_1_98' title='bbox 1364 1295 1489 1335; x_wconf 87' lang='lat' dir='ltr'>cruci.</span> 
     </span>
    </p>

    <p class='ocr_par' dir='ltr' id='par_1_19' title="bbox 403 1361 1662 1473">
     <span class='ocr_line' id='line_1_26' title="bbox 403 1361 1662 1417; baseline 0.001 -14"><span class='ocrx_word' id='word_1_99' title='bbox 403 1361 448 1403; x_wconf 83' lang='lat' dir='ltr'>Si</span> <span class='ocrx_word' id='word_1_100' title='bbox 481 1362 522 1401; x_wconf 92' lang='lat' dir='ltr'>in</span> <span class='ocrx_word' id='word_1_101' title='bbox 558 1362 665 1402; x_wconf 90' lang='lat' dir='ltr'>mari</span> <span class='ocrx_word' id='word_1_102' title='bbox 698 1362 776 1402; x_wconf 89' lang='lat' dir='ltr'>reti</span> <span class='ocrx_word' id='word_1_103' title='bbox 809 1362 1033 1415; x_wconf 89' lang='lat' dir='ltr'>prehendi,</span> <span class='ocrx_word' id='word_1_104' title='bbox 1063 1363 1137 1416; x_wconf 89' lang='lat' dir='ltr'>qui</span> <span class='ocrx_word' id='word_1_105' title='bbox 1171 1369 1292 1403; x_wconf 91' lang='lat' dir='ltr'>tuom</span> <span class='ocrx_word' id='word_1_106' title='bbox 1327 1364 1493 1416; x_wconf 90' lang='lat' dir='ltr'>potiust</span> <span class='ocrx_word' id='word_1_107' title='bbox 1529 1377 1662 1417; x_wconf 85' lang='lat' dir='ltr'>quam</span> 
     </span>
     <span class='ocr_line' id='line_1_27' title="bbox 1312 1437 1490 1473; baseline 0.006 -1"><span class='ocrx_word' id='word_1_108' title='bbox 1312 1437 1490 1473; x_wconf 90' lang='lat' dir='ltr'>meum?</span> 
     </span>
    </p>

    <p class='ocr_par' dir='ltr' id='par_1_20' title="bbox 402 1499 1662 1622">
     <span class='ocr_line' id='line_1_28' title="bbox 402 1499 1662 1554; baseline 0.002 -15"><span class='ocrx_word' id='word_1_109' title='bbox 402 1499 551 1540; x_wconf 92' lang='lat' dir='ltr'>Verba</span> <span class='ocrx_word' id='word_1_110' title='bbox 588 1499 693 1540; x_wconf 89' lang='lat' dir='ltr'>dat:</span> <span class='ocrx_word' id='word_1_111' title='bbox 738 1500 820 1540; x_wconf 92' lang='lat' dir='ltr'>hoc</span> <span class='ocrx_word' id='word_1_112' title='bbox 859 1501 992 1540; x_wconf 90' lang='lat' dir='ltr'>modo</span> <span class='ocrx_word' id='word_1_113' title='bbox 1029 1514 1096 1540; x_wconf 88' lang='lat' dir='ltr'>res</span> <span class='ocrx_word' id='word_1_114' title='bbox 1132 1507 1312 1554; x_wconf 83' lang='lat' dir='ltr'>gestast,</span> <span class='ocrx_word' id='word_1_115' title='bbox 1349 1508 1396 1541; x_wconf 90' lang='lat' dir='ltr'>ut</span> <span class='ocrx_word' id='word_1_116' title='bbox 1433 1515 1516 1554; x_wconf 85' lang='lat' dir='ltr'>ego</span> <span class='ocrx_word' id='word_1_117' title='bbox 1552 1503 1662 1542; x_wconf 92' lang='lat' dir='ltr'>dico.</span> 
     </span>
     <span class='ocr_line' id='line_1_29' title="bbox 1064 1568 1490 1622; baseline 0.005 -13"><span class='ocrx_word' id='word_1_118' title='bbox 1064 1569 1148 1610; x_wconf 89' lang='lat' dir='ltr'>GR.</span> <span class='ocrx_word' id='word_1_119' title='bbox 1183 1568 1301 1622; x_wconf 80' lang='lat' dir='ltr'>Quid</span> <span class='ocrx_word' id='word_1_120' title='bbox 1326 1577 1371 1610; x_wconf 91' lang='lat' dir='ltr'>tu</span> <span class='ocrx_word' id='word_1_121' title='bbox 1395 1571 1490 1611; x_wconf 86' lang='lat' dir='ltr'>ais?</span> 
     </span>
    </p>

    <p class='ocr_par' dir='ltr' id='par_1_21' title="bbox 402 1637 1661 1749">
     <span class='ocr_line' id='line_1_30' title="bbox 402 1637 1661 1692; baseline 0.003 -16"><span class='ocrx_word' id='word_1_122' title='bbox 402 1637 533 1690; x_wconf 75' lang='lat' dir='ltr'>Quod</span> <span class='ocrx_word' id='word_1_123' title='bbox 570 1637 800 1690; x_wconf 89' lang='lat' dir='ltr'>primarius</span> <span class='ocrx_word' id='word_1_124' title='bbox 838 1638 903 1677; x_wconf 87' lang='lat' dir='ltr'>uir</span> <span class='ocrx_word' id='word_1_125' title='bbox 936 1638 1067 1687; x_wconf 87' lang='lat' dir='ltr'>dicat,</span> <span class='ocrx_word' id='word_1_126' title='bbox 1103 1639 1329 1692; x_wconf 89' lang='lat' dir='ltr'>conprime</span> <span class='ocrx_word' id='word_1_127' title='bbox 1366 1639 1481 1679; x_wconf 91' lang='lat' dir='ltr'>hunc</span> <span class='ocrx_word' id='word_1_128' title='bbox 1523 1641 1593 1690; x_wconf 86' lang='lat' dir='ltr'>sis,</span> <span class='ocrx_word' id='word_1_129' title='bbox 1627 1641 1661 1680; x_wconf 89' lang='lat' dir='ltr'>si</span> 
     </span>
     <span class='ocr_line' id='line_1_31' title="bbox 1343 1715 1489 1749; baseline 0.007 -1"><span class='ocrx_word' id='word_1_130' title='bbox 1343 1715 1462 1749; x_wconf 92' lang='lat' dir='ltr'>tuost</span> <span class='ocrx_word' id='word_1_131' title='bbox 1482 1725 1489 1749; x_wconf 93' lang='lat'>:</span> 
     </span>
    </p>

    <p class='ocr_par' dir='ltr' id='par_1_22' title="bbox 403 1774 1662 1888">
     <span class='ocr_line' id='line_1_32' title="bbox 403 1774 1662 1830; baseline 0.004 -16"><span class='ocrx_word' id='word_1_132' title='bbox 403 1774 554 1828; x_wconf 77' lang='lat' dir='ltr'>Quid?</span> <span class='ocrx_word' id='word_1_133' title='bbox 586 1781 631 1815; x_wconf 91' lang='lat' dir='ltr'>tu</span> <span class='ocrx_word' id='word_1_134' title='bbox 665 1775 781 1815; x_wconf 90' lang='lat' dir='ltr'>idem</span> <span class='ocrx_word' id='word_1_135' title='bbox 817 1775 920 1815; x_wconf 87' lang='lat' dir='ltr'>mihi</span> <span class='ocrx_word' id='word_1_136' title='bbox 944 1776 1009 1815; x_wconf 90' lang='lat' dir='ltr'>uis</span> <span class='ocrx_word' id='word_1_137' title='bbox 1043 1775 1144 1825; x_wconf 82' lang='lat' dir='ltr'>fieri,</span> <span class='ocrx_word' id='word_1_138' title='bbox 1165 1777 1284 1830; x_wconf 88' lang='lat' dir='ltr'>quod</span> <span class='ocrx_word' id='word_1_139' title='bbox 1314 1790 1412 1817; x_wconf 90' lang='lat' dir='ltr'>erus</span> <span class='ocrx_word' id='word_1_140' title='bbox 1434 1780 1662 1820; x_wconf 90' lang='lat' dir='ltr'>consueuit</span> 
     </span>
     <span class='ocr_line' id='line_1_33' title="bbox 1376 1847 1489 1888; baseline 0.009 -1"><span class='ocrx_word' id='word_1_141' title='bbox 1376 1847 1453 1887; x_wconf 88' lang='lat' dir='ltr'>tibi</span> <span class='ocrx_word' id='word_1_142' title='bbox 1473 1852 1489 1888; x_wconf 91' lang='lat'>?</span> 
     </span>
    </p>

    <p class='ocr_par' dir='ltr' id='par_1_23' title="bbox 400 1912 1660 2024">
     <span class='ocr_line' id='line_1_34' title="bbox 400 1912 1660 1966; baseline 0.002 -12"><span class='ocrx_word' id='word_1_143' title='bbox 400 1912 446 1955; x_wconf 82' lang='lat' dir='ltr'>Si</span> <span class='ocrx_word' id='word_1_144' title='bbox 482 1913 552 1953; x_wconf 91' lang='lat' dir='ltr'>ille</span> <span class='ocrx_word' id='word_1_145' title='bbox 585 1920 628 1953; x_wconf 89' lang='lat' dir='ltr'>te</span> <span class='ocrx_word' id='word_1_146' title='bbox 665 1914 939 1966; x_wconf 88' lang='lat' dir='ltr'>conprimere</span> <span class='ocrx_word' id='word_1_147' title='bbox 972 1914 1158 1963; x_wconf 87' lang='lat' dir='ltr'>solitust‚</span> <span class='ocrx_word' id='word_1_148' title='bbox 1181 1915 1249 1954; x_wconf 92' lang='lat' dir='ltr'>hic</span> <span class='ocrx_word' id='word_1_149' title='bbox 1282 1928 1361 1955; x_wconf 91' lang='lat' dir='ltr'>nos</span> <span class='ocrx_word' id='word_1_150' title='bbox 1395 1922 1542 1956; x_wconf 86' lang='lat' dir='ltr'>noster</span> <span class='ocrx_word' id='word_1_151' title='bbox 1574 1931 1660 1957; x_wconf 91' lang='lat' dir='ltr'>non</span> 
     </span>
     <span class='ocr_line' id='line_1_35' title="bbox 1367 1983 1488 2024; baseline 0.017 -2"><span class='ocrx_word' id='word_1_152' title='bbox 1367 1983 1488 2024; x_wconf 84' lang='lat' dir='ltr'>solet.</span> 
     </span>
    </p>

    <p class='ocr_par' dir='ltr' id='par_1_24' title="bbox 398 2049 1663 2242">
     <span class='ocr_line' id='line_1_36' title="bbox 398 2049 1662 2104; baseline 0.005 -16"><span class='ocrx_word' id='word_1_153' title='bbox 398 2049 548 2089; x_wconf 88' lang='lat' dir='ltr'>Verbo</span> <span class='ocrx_word' id='word_1_154' title='bbox 581 2049 654 2089; x_wconf 91' lang='lat' dir='ltr'>illo</span> <span class='ocrx_word' id='word_1_155' title='bbox 687 2050 820 2090; x_wconf 93' lang='lat' dir='ltr'>modo</span> <span class='ocrx_word' id='word_1_156' title='bbox 853 2050 924 2090; x_wconf 93' lang='lat' dir='ltr'>ille</span> <span class='ocrx_word' id='word_1_157' title='bbox 956 2051 1070 2092; x_wconf 86' lang='lat' dir='ltr'>uicit.</span> <span class='ocrx_word' id='word_1_158' title='bbox 1114 2052 1218 2104; x_wconf 91' lang='lat' dir='ltr'>quid</span> <span class='ocrx_word' id='word_1_159' title='bbox 1244 2065 1358 2092; x_wconf 88' lang='lat' dir='ltr'>nunc</span> <span class='ocrx_word' id='word_1_160' title='bbox 1391 2059 1437 2093; x_wconf 89' lang='lat' dir='ltr'>tu</span> <span class='ocrx_word' id='word_1_161' title='bbox 1461 2053 1560 2093; x_wconf 86' lang='lat' dir='ltr'>uis?</span> <span class='ocrx_word' id='word_1_162' title='bbox 1593 2055 1662 2094; x_wconf 93' lang='lat' dir='ltr'>dic</span> 
     </span>
     <span class='ocr_line' id='line_1_37' title="bbox 619 2121 1488 2167; baseline 0 -6"><span class='ocrx_word' id='word_1_163' title='bbox 619 2158 642 2164; x_wconf 23' lang='lat' dir='ltr'>e&lt;</span> <span class='ocrx_word' id='word_1_164' title='bbox 919 2166 923 2167; x_wconf 18' lang='lat'><em>⁷</em></span> <span class='ocrx_word' id='word_1_165' title='bbox 1372 2121 1488 2162; x_wconf 89' lang='lat' dir='ltr'>mihi.</span> 
     </span>
     <span class='ocr_line' id='line_1_38' title="bbox 402 2170 1663 2242; baseline 0.004 -16"><span class='ocrx_word' id='word_1_166' title='bbox 402 2187 621 2240; x_wconf 86' lang='lat' dir='ltr'>Equidem</span> <span class='ocrx_word' id='word_1_167' title='bbox 655 2170 752 2239; x_wconf 72' lang='lat' dir='ltr'>ego</span> <span class='ocrx_word' id='word_1_168' title='bbox 768 2201 908 2240; x_wconf 88' lang='lat' dir='ltr'>neque</span> <span class='ocrx_word' id='word_1_169' title='bbox 941 2196 1110 2241; x_wconf 89' lang='lat' dir='ltr'>partem</span> <span class='ocrx_word' id='word_1_170' title='bbox 1143 2184 1278 2242; x_wconf 88' lang='lat' dir='ltr'>posco</span> <span class='ocrx_word' id='word_1_171' title='bbox 1311 2188 1414 2230; x_wconf 87' lang='lat' dir='ltr'>mihi</span> <span class='ocrx_word' id='word_1_172' title='bbox 1441 2180 1575 2231; x_wconf 87' lang='lat' dir='ltr'>istinc</span> <span class='ocrx_word' id='word_1_173' title='bbox 1608 2191 1663 2232; x_wconf 91' lang='lat' dir='ltr'>de</span> 
     </span>
    </p>

    <p class='ocr_par' dir='ltr' id='par_1_25' title="bbox 402 2259 1661 2516">
     <span class='ocr_line' id='line_1_39' title="bbox 1207 2259 1490 2300; baseline 0.007 -2"><span class='ocrx_word' id='word_1_174' title='bbox 1207 2259 1316 2299; x_wconf 91' lang='lat' dir='ltr'>istoc</span> <span class='ocrx_word' id='word_1_175' title='bbox 1338 2259 1490 2300; x_wconf 90' lang='lat' dir='ltr'>uidulo</span> 
     </span>
     <span class='ocr_line' id='line_1_40' title="bbox 402 2324 1661 2389; baseline 0.005 -26"><span class='ocrx_word' id='word_1_176' title='bbox 402 2324 557 2376; x_wconf 78' lang='lat' dir='ltr'>Neque</span> <span class='ocrx_word' id='word_1_177' title='bbox 595 2338 740 2364; x_wconf 86' lang='lat' dir='ltr'>meum</span> <span class='ocrx_word' id='word_1_178' title='bbox 780 2339 874 2389; x_wconf 56' lang='lat' dir='ltr'>esse</span> <span class='ocrx_word' id='word_1_179' title='bbox 909 2326 1039 2366; x_wconf 88' lang='lat' dir='ltr'>hodie</span> <span class='ocrx_word' id='word_1_180' title='bbox 1072 2341 1282 2380; x_wconf 88' lang='lat' dir='ltr'>umquam</span> <span class='ocrx_word' id='word_1_181' title='bbox 1316 2328 1440 2368; x_wconf 82' lang='lat' dir='ltr'>dixi:</span> <span class='ocrx_word' id='word_1_182' title='bbox 1482 2329 1558 2369; x_wconf 92' lang='lat' dir='ltr'>sed</span> <span class='ocrx_word' id='word_1_183' title='bbox 1592 2329 1661 2370; x_wconf 91' lang='lat' dir='ltr'>isti</span> 
     </span>
     <span class='ocr_line' id='line_1_41' title="bbox 1141 2397 1489 2437; baseline 0.006 -2"><span class='ocrx_word' id='word_1_184' title='bbox 1141 2397 1253 2436; x_wconf 85' lang='lat' dir='ltr'>inest</span> <span class='ocrx_word' id='word_1_185' title='bbox 1275 2397 1489 2437; x_wconf 88' lang='lat' dir='ltr'>cistellula</span> 
     </span>
     <span class='ocr_line' id='line_1_42' title="bbox 404 2461 1612 2516; baseline 0.006 -16"><span class='ocrx_word' id='word_1_186' title='bbox 404 2461 548 2502; x_wconf 91' lang='lat' dir='ltr'>Huius</span> <span class='ocrx_word' id='word_1_187' title='bbox 572 2463 775 2511; x_wconf 76' lang='lat' dir='ltr'>mulieris,</span> <span class='ocrx_word' id='word_1_188' title='bbox 798 2477 929 2516; x_wconf 86' lang='lat' dir='ltr'>quam</span> <span class='ocrx_word' id='word_1_189' title='bbox 954 2464 1121 2504; x_wconf 86' lang='lat' dir='ltr'>dudum</span> <span class='ocrx_word' id='word_1_190' title='bbox 1146 2465 1240 2505; x_wconf 83' lang='lat' dir='ltr'>dixi</span> <span class='ocrx_word' id='word_1_191' title='bbox 1266 2465 1397 2506; x_wconf 85' lang='lat' dir='ltr'>fuisse</span> <span class='ocrx_word' id='word_1_192' title='bbox 1421 2466 1612 2507; x_wconf 90' lang='lat' dir='ltr'>liberam.</span> 
     </span>
    </p>
   </div>
   <div class='ocr_carea' id='block_1_13' title="bbox 257 2530 1659 2586">
    <p class='ocr_par' dir='ltr' id='par_1_26' title="bbox 257 2530 1659 2586">
     <span class='ocr_line' id='line_1_43' title="bbox 257 2530 1659 2586; baseline 0.005 -17"><span class='ocrx_word' id='word_1_193' title='bbox 257 2530 373 2570; x_wconf 78' lang='grc' dir='ltr'><strong>ΒΑΕ.</strong></span> <span class='ocrx_word' id='word_1_194' title='bbox 401 2530 573 2584; x_wconf 88' lang='lat' dir='ltr'>Nempe</span> <span class='ocrx_word' id='word_1_195' title='bbox 615 2538 660 2571; x_wconf 90' lang='lat' dir='ltr'>tu</span> <span class='ocrx_word' id='word_1_196' title='bbox 704 2531 816 2571; x_wconf 82' lang='lat' dir='ltr'>hanc</span> <span class='ocrx_word' id='word_1_197' title='bbox 853 2533 972 2582; x_wconf 82' lang='lat' dir='ltr'>dicis,</span> <span class='ocrx_word' id='word_1_198' title='bbox 1004 2546 1136 2586; x_wconf 90' lang='lat' dir='ltr'>quam</span> <span class='ocrx_word' id='word_1_199' title='bbox 1180 2547 1274 2574; x_wconf 90' lang='lat' dir='ltr'>esse</span> <span class='ocrx_word' id='word_1_200' title='bbox 1311 2535 1458 2575; x_wconf 88' lang='lat' dir='ltr'>aiebas</span> <span class='ocrx_word' id='word_1_201' title='bbox 1492 2536 1659 2576; x_wconf 89' lang='lat' dir='ltr'>dudum</span> 
     </span>
    </p>
   </div>
   <div class='ocr_carea' id='block_1_14' title="bbox 1030 2603 1488 2655">
    <p class='ocr_par' dir='ltr' id='par_1_27' title="bbox 1030 2603 1488 2655">
     <span class='ocr_line' id='line_1_44' title="bbox 1030 2603 1488 2655; baseline 0.007 -14"><span class='ocrx_word' id='word_1_202' title='bbox 1030 2603 1284 2655; x_wconf 89' lang='lat' dir='ltr'>popularem</span> <span class='ocrx_word' id='word_1_203' title='bbox 1311 2617 1452 2644; x_wconf 91' lang='lat' dir='ltr'>meam</span> <span class='ocrx_word' id='word_1_204' title='bbox 1472 2608 1488 2644; x_wconf 88' lang='lat'>?</span> 
     </span>
    </p>
   </div>
   <div class='ocr_carea' id='block_1_15' title="bbox 1701 753 1780 793">
    <p class='ocr_par' dir='ltr' id='par_1_28' title="bbox 1701 753 1780 793">
     <span class='ocr_line' id='line_1_45' title="bbox 1701 753 1780 793; baseline 0.013 -11"><span class='ocrx_word' id='word_1_205' title='bbox 1701 753 1780 793; x_wconf 83' lang='grc'>1065</span> 
     </span>
    </p>
   </div>
   <div class='ocr_carea' id='block_1_16' title="bbox 1699 1312 1781 1343">
    <p class='ocr_par' dir='ltr' id='par_1_29' title="bbox 1699 1312 1781 1343">
     <span class='ocr_line' id='line_1_46' title="bbox 1699 1312 1781 1343; baseline 0.012 -9"><span class='ocrx_word' id='word_1_206' title='bbox 1699 1312 1781 1343; x_wconf 88' lang='grc'>1070</span> 
     </span>
    </p>
   </div>
   <div class='ocr_carea' id='block_1_17' title="bbox 1698 2002 1777 2035">
    <p class='ocr_par' dir='ltr' id='par_1_30' title="bbox 1698 2002 1777 2035">
     <span class='ocr_line' id='line_1_47' title="bbox 1698 2002 1777 2035; baseline 0 -10"><span class='ocrx_word' id='word_1_207' title='bbox 1698 2002 1777 2035; x_wconf 78' lang='lat'>1075</span> 
     </span>
    </p>
   </div>
   <div class='ocr_carea' id='block_1_18' title="bbox 1699 2613 1780 2645">
    <p class='ocr_par' dir='ltr' id='par_1_31' title="bbox 1699 2613 1780 2645">
     <span class='ocr_line' id='line_1_48' title="bbox 1699 2613 1780 2645; baseline 0.012 -1"><span class='ocrx_word' id='word_1_208' title='bbox 1699 2613 1780 2645; x_wconf 78' lang='grc'>1080</span> 
     </span>
    </p>
   </div>
   <div class='ocr_carea' id='block_1_19' title="bbox 2053 0 2111 3158">
    <p class='ocr_par' dir='ltr' id='par_1_32' title="bbox 2053 0 2111 3158">
     <span class='ocr_line' id='line_1_49' title="bbox 2053 0 2111 3158; baseline 0 0"><span class='ocrx_word' id='word_1_209' title='bbox 2053 0 2111 3158; x_wconf 95' lang='lat' dir='ltr'> </span> 
     </span>
    </p>
   </div>
  </div>
 </body>
</html>
