2111 3158
254 169 311 208 90

258 269 332 308 ΡΑ.

811 169 984 201 PLAVTI
1018 170 1185 202 RVDEN
1192 171 1225 203 S.

401 268 460 308 Et
482 268 601 308 bulla
622 276 807 318 aun-east,
830 277 955 322 pater
975 284 1107 323 quam
1131 272 1254 312 dedit
1277 273 1335 313 mi
1360 274 1494 314 natali
1517 275 1597 316 die.

254 336 372 376 ΒΑΕ.
398 337 506 377 East
529 337 751 390 profecto:
783 339 995 379 contineri
1019 340 1122 392 quin
1147 341 1400 394 conplectar
1422 356 1508 383 non
1532 357 1661 397 queo.

253 611 329 651 ΡΑ.

251 748 333 787 ΤΚ.

251 885 369 925 ΒΑΕ.

248 1022 331 1062 TR.

244 1573 280 1613 T
288 1583 325 1613 R.

246 1712 319 1751 ΡΑ.

243 1848 326 1890 GR.

398 405 507 445 Filia
531 419 639 455 mea,
661 406 806 446 salue:
838 420 922 459 ego
944 408 978 447 is
1000 421 1096 447 sum
1120 409 1193 461 qui
1217 415 1260 449 te
1283 411 1472 462 produxi
1506 419 1656 464 pater:

397 473 496 527 Ego
517 488 613 514 sum
640 474 904 523 Daemones,
925 482 968 515 et
1001 483 1140 516 mater
1162 485 1237 517 tua
1268 491 1415 518 eccam
1449 479 1518 519 hic
1541 481 1658 521 intus

1262 546 1482 588 Daedalis.

397 611 541 657 Salue,
564 611 622 651 mi
646 619 770 664 pater
792 612 1020 665 insperate.
1086 614 1205 654 ΒΑΕ.
1240 615 1397 656 Salue:
1431 624 1478 657 ut
1501 624 1544 657 te
1565 631 1656 658 am-

1128 683 1295 735 plector
1317 684 1481 725 lubens.
1691 703 1777 736 ¹¹75·-

397 748 547 801 Volup
579 755 644 789 est
667 763 800 802 quom
825 750 936 790 istuc
959 763 1016 790 ex
1040 751 1204 803 pietate
1230 760 1378 793 uostra
1406 754 1531 794 uobis
1553 769 1654 795 con-

1371 823 1481 875 tigit.

395 885 623 938 Capedum
669 886 797 936 hunc,
829 887 862 927 si
903 894 1038 940 potes,
1072 888 1134 928 fer
1167 889 1281 929 intro
1318 891 1654 945 uidulum„age,

1237 958 1480 1000 Trachalio.

396 1023 511 1063 Ecce
544 1023 667 1077 Gripi
701 1024 892 1064 scelera:
925 1039 1059 1077 quom
1095 1026 1228 1066 istaec
1262 1041 1328 1067 res
1361 1029 1475 1068 male
1507 1031 1654 1071 euenit

1389 1097 1481 1146 tibi,

390 1160 535 1213 Gripe,
557 1161 761 1214 gratulor.
827 1162 945 1202 DAE.
981 1162 1081 1216 Age
1113 1177 1276 1212 eamus,
1299 1178 1397 1205 mea
1428 1173 1574 1218 gnata,
1596 1168 1652 1208 ad

1136 1240 1320 1273 matrem
1345 1241 1488 1283 tuam‚>

388 1297 515 1351 Quae
537 1311 594 1338 ex
618 1306 660 1339 te
684 1300 844 1352 poterit
866 1301 1138 1353 argumentis
1161 1301 1274 1341 hanc
1297 1316 1386 1342 rem
1412 1304 1552 1356 magis
1574 1317 1651 1344 ex-

1284 1371 1478 1423 quirere:
1688 1381 1775 1413 1180-

388 1434 514 1488 Quae
546 1443 590 1476 te
622 1437 762 1489 magis
796 1438 1000 1478 tractauit
1034 1439 1262 1491 magisque
1294 1440 1420 1492 signa
1449 1442 1651 1493 pernouit

1392 1516 1478 1550 tua.

392 1574 558 1614 Eamus
600 1575 715 1615 intro
751 1588 905 1615 omnes
942 1576 1083 1625 simul,
1120 1578 1299 1629 quando
1335 1592 1514 1631 operam
1553 1593 1650 1632 pro-

1109 1645 1290 1685 miscam
1309 1647 1476 1687 damus.

389 1711 582 1765 Sequere
615 1725 697 1762 me,
721 1712 988 1765 Ampelisca.
1052 1713 1146 1754 AM.
1181 1713 1328 1767 Quom
1352 1722 1395 1755 te
1417 1716 1460 1756 di
1487 1725 1651 1767 amant,

1073 1783 1336 1836 uoluptatist
1360 1784 1476 1825 mihi.

391 1849 558 1891 Sumne
580 1863 664 1903 ego
686 1850 820 1890 homo
842 1850 1063 1900 scelestus,
1085 1853 1158 1904 qui
1187 1852 1318 1892 illunc
1341 1852 1472 1893 hodie
1493 1856 1649 1908 excepi

1245 1922 1441 1962 uidulum
1461 1926 1477 1962 ?

389 1987 479 2028 Aut
502 2001 635 2041 quom
669 1989 838 2042 excepi,
859 1990 933 2042 qui
967 2003 1052 2029 non
1081 1989 1239 2030 alicubi
1273 1991 1313 2030 in
1338 1991 1433 2031 solo
1461 1991 1649 2033 abstrusi

1351 2060 1477 2100 loco?
1685 2069 1767 2111 1185

386 2125 630 2167 Credebam
655 2126 811 2179 edepol
835 2127 1133 2168 turbulentam
1158 2129 1366 2180 praedam
1391 2136 1646 2170 euenturam

1359 2198 1477 2247 mihi,

385 2262 501 2316 Quia
524 2263 596 2303 illa
619 2263 723 2303 mihi
747 2271 836 2304 tam
861 2264 1113 2305 turbulenta
1146 2272 1410 2318 tempestate
1431 2275 1647 2308 euenerat.

383 2330 528 2371 Credo
542 2331 698 2383 edepol
722 2345 805 2384 ego
824 2332 908 2371 illic
932 2333 1073 2372 inesse
1089 2334 1258 2385 argenti
1282 2341 1325 2373 et
1347 2334 1437 2373 auri
1463 2334 1648 2386 largiter.

384 2399 502 2452 Quid
525 2395 702 2440 meliust
723 2414 856 2453 quam
881 2408 927 2441 ut
950 2401 1050 2440 hinc
1074 2402 1188 2441 intro
1210 2401 1364 2441 abeam
1389 2409 1432 2442 et
1455 2416 1526 2443 me
1556 2417 1647 2444 sus-

1000 2470 1190 2522 pendam
1214 2470 1475 2519 clanculum,

384 2537 551 2578 Saltem
587 2525 800 2591 tantisper
830 2538 935 2578 dum
969 2538 1178 2579 abscedat
1211 2539 1318 2579 haec
1351 2553 1376 2579 a
1408 2553 1478 2580 me
1509 2541 1647 2594 aegri-

1295 2609 1443 2649 monia
1458 2613 1474 2649 Ρ
1683 2626 1692 2648 1
1707 2627 1766 2657 ¹90
