2111 3158
357 172 408 213 50
907 171 1080 202 PLAVTI
1117 171 1320 202 RVDENs.

356 272 613 312 D.·x1⁴:.l3ene
645 273 848 325 equidem
883 272 959 312 tibi
994 273 1104 321 dico,
1126 274 1197 326 qui
1233 281 1274 314 te
1306 274 1441 326 digna
1474 282 1519 313 ut
1553 275 1758 315 eueniant

1421 356 1581 394 precor.

354 410 436 449 le.
491 410 700 457 Obsecro,
730 410 810 449 hoc
845 417 1122 462 praeuortere
1144 423 1258 463 ergo,
1329 411 1447 450 1)le.
1482 411 1600 464 Quid
1625 425 1757 464 nego-

1092 479 1198 518 tist?
1260 479 1343 519 TR.
1380 480 1585 519 Mulieres

498 547 624 587 Duae
643 547 897 586 innocentes
913 547 1028 586 intus
1046 547 1114 586 hic
1133 555 1246 595 sunt,
1260 548 1321 587 tui
1344 548 1590 600 indigentes
1608 549 1757 597 auxili,

496 616 668 669 Quibus
692 616 929 656 aduorsum
955 616 1019 655 ius
1043 616 1249 668 legesque
1271 616 1339 656 hic
1364 617 1570 668 insignite
1593 617 1747 657 iniuria

500 685 675 724 Factast
693 683 826 736 fitquc
846 684 886 723 in
904 684 1088 724 Veneris
1108 683 1219 724 sano.
1243 692 1335 724 tum
1355 686 1558 725 sacerdos
1576 685 1764 725 Veneria

500 753 684 806 Indigne
703 753 962 793 adflictatur.
1030 753 1146 792 ΒΑΕ.
1182 753 1292 805 Quis
1315 753 1490 793 homost
1514 760 1638 794 tanta
1655 767 1755 794 con-

1392 821 1584 871 fidentia,

494 891 581 944 Qui
606 891 878 930 sacerdotem
903 891 1063 931 audeat
1088 890 1281 930 uiolare?
1313 891 1388 931 sed
1411 904 1489 931 eae
1513 891 1714 932 mulieres

494 961 621 1012 Quae
653 964 787 1000 sunt?
835 967 907 999 aut
941 960 1044 1012 quid
1082 960 1115 999 is
1151 959 1285 1012 iniqui
1321 958 1400 999 fit?
1469 959 1552 999 ΤΚ.
1597 960 1643 1001 Si
1676 961 1755 1000 das

1177 1041 1370 1080 operam,
1392 1028 1581 1080 eloquar.

496 1097 679 1137 Veneris
702 1097 875 1149 signum
899 1104 1000 1137 sunt
1024 1097 1283 1149 amplexae:
1318 1110 1431 1136 nunc
1465 1097 1598 1136 homo
1620 1098 1753 1137 auda-

1366 1166 1580 1205 cissumus

494 1236 579 1275 lias
602 1236 798 1288 deripere
821 1235 922 1275 uolt.
956 1248 1029 1275 eas
1052 1234 1205 1274 ambas
1228 1248 1322 1274 esse
1344 1242 1517 1287 oportet
1542 1234 1709 1275 liberas.

350 1305 597 1358 DA11:.Quis
632 1305 724 1344 istic
758 1312 834 1350 est,
861 1304 933 1356 qui
967 1304 1072 1344 deos
1106 1310 1195 1344 tam
1230 1304 1351 1356 parui
1386 1304 1570 1356 pendit?
1603 1305 1751 1356 paucis

1405 1372 1576 1424 expedi.

347 1442 430 1482 ΤΚ.
463 1440 466 1444 ’
488 1442 682 1487 Fraudis.
704 1441 888 1489 sceleris,
912 1441 1126 1494 parricidi,
1150 1441 1306 1493 periuri
1333 1440 1638 1493 plenissumus,

494 1511 724 1563 Legirupa,
749 1511 978 1563 inpudens,
1002 1511 1193 1563 inpurus,
1217 1510 1675 1549 inuerecundissumus
1696 1526 1703 1550 :

491 1580 593 1620 Vno
617 1579 750 1619 uerbo
772 1579 1012 1626 absoluam,
1030 1579 1170 1618 lenost
1189 1594 1195 1618 :
1228 1579 1333 1631 quid
1354 1578 1473 1618 illum
1495 1592 1622 1631 porro
1642 1592 1761 1631 prae-

1405 1648 1546 1687 dicem
1564 1651 1580 1687 ?

349 1719 467 1758 ΒΑΕ.
492 1717 659 1770 Edepol
686 1717 923 1757 infortunio
947 1717 1170 1756 hominem
1195 1717 1421 1768 praedicas
1444 1716 1707 1756 domabilem.

345 1787 428 1827 ΤΚ.
482 1787 567 1840 Qui
592 1786 807 1826 sacerdoti
832 1786 1041 1826 scelestus
1065 1785 1200 1825 faucis
1228 1785 1556 1838 interpresserit.

348 1857 464 1896 Ι)Αι·ῐ.
489 1857 547 1896 :Xt
584 1856 698 1896 malo
733 1855 875 1895 hercle
922 1868 1020 1894 cum
1061 1868 1223 1907 magno
1260 1868 1339 1894 suo
1378 1854 1487 1894 fecit.
1525 1855 1581 1894 ite
1624 1854 1750 1894 istinc

1455 1922 1579 1967 foras,

490 1993 712 2035 'l'urbalio
736 1994 907 2046 Sparax
929 2009 935 2032 :
969 1993 1040 2032 ubi
1065 1993 1198 2032 estis?
1261 1992 1343 2032 Τις.
1382 1992 1395 2031 Ι
1422 2005 1604 2044 opsecro
1627 1992 1751 2037 intro,

1394 2061 1577 2101 subueni

494 2133 590 2172 Illis.
673 2132 789 2171 l).xl·3.
840 2132 1001 2171 lterum
1036 2137 1183 2170 autem
1224 2129 1482 2182 imperabo?
1519 2130 1750 2182 sequimini

965 2201 1054 2240 liae.
1119 2199 1201 2239 ΤΚ.
1239 2199 1335 2252 Age
1359 2199 1576 2243 nunciam,

495 2271 599 2310 lube
621 2270 770 2309 oculos
794 2270 965 2315 elidere,
990 2270 1140 2309 itidem
1165 2276 1211 2308 ut
1235 2257 1365 2320 sepiis
1390 2266 1552 2307 faciunt
1576 2268 1715 2321 coqui.

346 2340 460 2380 ΒΑΕ.
487 2340 695 2391 l’roripite
711 2339 933 2378 hominem
952 2338 1135 2391 pedibus
1151 2338 1233 2377 huc
1254 2336 1403 2376 itidem
1420 2337 1542 2389 quasi
1559 2338 1748 2376 occisam

1396 2419 1577 2445 suem——

344 2477 426 2516 ΤΚ.
492 2477 638 2516 :ludio
661 2477 898 2516 tuinultum
919 2492 925 2515 :
959 2476 1126 2528 opinor,
1150 2475 1248 2513 leno
1272 2474 1430 2526 pugnis
1454 2475 1650 2526 pectitur.

492 2546 632 2585 Nimis
657 2545 784 2584 velim
811 2545 1137 2597 improbissimo
1169 2543 1334 2583 homini
1370 2543 1507 2582 malas
1540 2543 1749 2583 edentau·

1453 2612 1575 2651 erint.

488 2684 575 2723 Sed
600 2697 723 2723 eccas
748 2684 866 2736 ipsae
890 2682 972 2722 huc
996 2682 1278 2733 egrediuntur
1297 2680 1477 2720 timidae
1494 2694 1517 2720 e
1537 2680 1638 2721 sano
1657 2693 1750 2721 mu-

1441 2749 1575 2790 liereS.

1812 359 1876 389 040

1809 900 1871 938 046

1807 1389 1871 1421 050

1806 1801 1866 1834 “55
